% Encoding: UTF-8

@Article{Strobl:2015aa,
  author        = {Strobl, Michael and Seelig, Thomas},
  title         = {A novel treatment of crack boundary conditions in phase field models of fracture},
  journal       = {PAMM},
  year          = {2015},
  volume        = {15},
  number        = {1},
  pages         = {155--156},
  date-added    = {2016-08-25 14:20:02 +0000},
  date-modified = {2016-08-25 14:20:16 +0000},
  doi           = {10.1002/pamm.201510068},
}

@Article{AbdelmoulaDebruyne:2014,
  author    = {Abdelmoula, Radhi and Debruyne, Gilles},
  title     = {{M}odal analysis of the dynamic crack growth and arrest in a {DCB} specimen},
  journal   = {{I}nternational {J}ournal of {F}racture},
  year      = {2014},
  volume    = {188},
  number    = {2},
  pages     = {187--202},
  publisher = {Springer},
}

@Article{AbrahamBrodbeckRafeyRudge:1994,
  author    = {Abraham, Farid F. and Brodbeck, D. and Rafey, R. A. and Rudge, W. E.},
  title     = {{I}nstability dynamics of fracture: a computer simulation investigation},
  journal   = {{P}hysical {R}eview {L}etters},
  year      = {1994},
  volume    = {73},
  number    = {2},
  pages     = {272},
  publisher = {APS},
}

@Article{Adda-Bedia:2005aa,
  author        = {Adda-Bedia, M.},
  title         = {{B}rittle fracture dynamics with arbitrary paths {III}. {T}he branching instability under general loading},
  journal       = {{J}ournal of the {M}echanics and {P}hysics of {S}olids},
  year          = {2005},
  volume        = {53},
  number        = {1},
  pages         = {227--248},
  date-added    = {2016-05-06 19:46:48 +0000},
  date-modified = {2016-05-06 19:46:57 +0000},
  doi           = {10.1016/j.jmps.2004.06.001},
  issn          = {0022-5096},
  url           = {http://www.sciencedirect.com/science/article/pii/S0022509604001073},
}

@Article{Adda-Bedia:2004aa,
  author        = {Adda-Bedia, M.},
  title         = {{B}rittle fracture dynamics with arbitrary paths {II}. {D}ynamic crack branching under general antiplane loading},
  journal       = {{J}ournal of the {M}echanics and {P}hysics of {S}olids},
  year          = {2004},
  volume        = {52},
  number        = {6},
  pages         = {1407--1420},
  date-added    = {2016-05-06 19:47:20 +0000},
  date-modified = {2016-05-06 19:48:05 +0000},
  doi           = {10.1016/j.jmps.2003.10.001},
  issn          = {0022-5096},
  url           = {http://www.sciencedirect.com/science/article/pii/S0022509603001686},
}

@Article{Adda-Bedia:2003aa,
  author        = {Adda-Bedia, M. and Arias, R.},
  title         = {{B}rittle fracture dynamics with arbitrary paths {I}. {K}inking of a dynamic crack in general antiplane loading},
  journal       = {{J}ournal of the {M}echanics and {P}hysics of {S}olids},
  year          = {2003},
  volume        = {51},
  number        = {7},
  pages         = {1287--1304},
  date-added    = {2016-05-06 19:47:44 +0000},
  date-modified = {2016-05-06 19:48:01 +0000},
  doi           = {10.1016/S0022-5096(03)00022-X},
  issn          = {0022-5096},
  url           = {http://www.sciencedirect.com/science/article/pii/S002250960300022X},
}

@Article{Adda-BediaAriasAmarLund:1999,
  author    = {Adda-Bedia, M. and Arias, R. and Amar, M. Ben and Lund, F.},
  title     = {{G}eneralized {G}riffith criterion for dynamic fracture and the stability of crack motion at high velocities},
  journal   = {{P}hysical {R}eview {E}},
  year      = {1999},
  volume    = {60},
  number    = {2},
  pages     = {2366--2376},
  publisher = {APS},
}

@Article{AdhikaryLiFujikake:2012,
  author    = {Adhikary, Satadru Das and Li, Bing and Fujikake, Kazunori},
  title     = {{D}ynamic behavior of reinforced concrete beams under varying rates of concentrated loading},
  journal   = {{I}nternational {J}ournal of {I}mpact {E}ngineering},
  year      = {2012},
  volume    = {47},
  pages     = {24--38},
  publisher = {Elsevier},
}

@PhdThesis{Alessi:2013,
  author = {Alessi, Roberto},
  title  = {{V}ariational {A}pproach to {F}racture: {M}echanics with {P}lasticity},
  school = {Sapienza - Universita di Roma / Ecole Polytechnique},
  year   = {2013},
  file   = {:/home/TL0E122N/Documents/MMC/Variational Approach to Fracture Mechanics with Plasticity.pdf:PDF},
}

@Article{AlessiMarigoVidoli:2015,
  author    = {Alessi, Roberto and Marigo, Jean-Jacques and Vidoli, Stefano},
  title     = {{G}radient damage models coupled with plasticity: {V}ariational formulation and main properties},
  journal   = {{M}echanics of {M}aterials},
  year      = {2015},
  volume    = {80},
  pages     = {351--367},
  file      = {:/home/TL0E122N/Documents/Rupture/Gradient damage models coupled with plasticity.pdf:PDF},
  publisher = {Elsevier},
}

@Article{AlessiMarigoVidoli:2014,
  author    = {Alessi, Roberto and Marigo, Jean-Jacques and Vidoli, Stefano},
  title     = {{G}radient {D}amage {M}odels {C}oupled with {P}lasticity and {N}ucleation of {C}ohesive {C}racks},
  journal   = {{A}rchive for {R}ational {M}echanics and {A}nalysis},
  year      = {2014},
  volume    = {214},
  number    = {2},
  pages     = {575--615},
  doi       = {10.1007/s00205-014-0763-8},
  file      = {:/home/TL0E122N/Documents/Rupture/Gradient Damage Models Coupled with Plasticity and Nucleation of Cohesive Cracks.pdf:PDF},
  issn      = {0003-9527},
  language  = {English},
  publisher = {Springer Berlin Heidelberg},
  url       = {http://dx.doi.org/10.1007/s00205-014-0763-8},
}

@Article{AlfanoRosatiValoroso:2000,
  author    = {Alfano, G. and Rosati, L. and Valoroso, N.},
  title     = {{A} numerical strategy for finite element analysis of no-tension materials},
  journal   = {{I}nternational {J}ournal for {N}umerical {M}ethods in {E}ngineering},
  year      = {2000},
  volume    = {48},
  number    = {3},
  pages     = {317--350},
  issn      = {1097-0207},
  publisher = {John Wiley \& Sons, Ltd.},
}

@Article{AmbatiGerasimovLorenzis:2015,
  author    = {Ambati, Marreddy and Gerasimov, Tymofiy and de Lorenzis, Laura},
  title     = {{A} review on phase-field models of brittle fracture and a new fast hybrid formulation},
  journal   = {{C}omputational {M}echanics},
  year      = {2015},
  volume    = {55},
  number    = {2},
  pages     = {383--405},
  file      = {:home/TL0E122N/Documents/Rupture/A review on phase-field models of brittle fracture and a new fast hybrid formulation.pdf:PDF},
  publisher = {Springer-Verlag New York, Inc.},
}

@Article{Ambrosio:1990aa,
  author        = {Ambrosio, Luigi and Tortorelli, Vincenzo Maria},
  title         = {{A}pproximation of functional depending on jumps by elliptic functional via {G}amma-convergence},
  journal       = {{C}ommunications on {P}ure and {A}pplied {M}athematics},
  year          = {1990},
  volume        = {43},
  number        = {8},
  pages         = {999--1036},
  date-added    = {2016-05-08 12:50:42 +0000},
  date-modified = {2016-05-08 12:51:17 +0000},
  doi           = {10.1002/cpa.3160430805},
  issn          = {1097-0312},
  publisher     = {Wiley Subscription Services, Inc., A Wiley Company},
  url           = {http://dx.doi.org/10.1002/cpa.3160430805},
}

@PhdThesis{Amor:2008,
  author = {Amor, Hanen},
  title  = {{A}pproche variationnelle des lois de {G}riffith et de {P}aris via des modeles non-locaux d'endommagement : {E}tude theorique et mise en oeuvre numerique},
  school = {Universit√© Paris 13},
  year   = {2008},
  file   = {:/home/TL0E122N/Documents/Rupture/Approche variationnelle des lois de Griffith et de Paris.pdf:PDF},
}

@Article{AmorMarigoMaurini:2009,
  author     = {Amor, Hanen and Marigo, Jean-Jacques and Maurini, Corrado},
  title      = {{R}egularized formulation of the variational brittle fracture with unilateral contact: {N}umerical experiments},
  journal    = {{J}ournal of the {M}echanics and {P}hysics of {S}olids},
  year       = {2009},
  volume     = {57},
  number     = {8},
  pages      = {1209--1229},
  bdsk-url-1 = {http://www.sciencedirect.com/science/article/pii/S0022509609000659},
  bdsk-url-2 = {http://dx.doi.org/10.1016/j.jmps.2009.04.011},
  doi        = {10.1016/j.jmps.2009.04.011},
  file       = {:/home/TL0E122N/Documents/Rupture/Regularized formulation of the variational brittle fracture with unilateral contact.pdf:PDF},
  issn       = {0022-5096},
  url        = {http://www.sciencedirect.com/science/article/pii/S0022509609000659},
}

@Book{AndersonAnderson:2005,
  title     = {{F}racture {M}echanics: {F}undamentals and {A}pplications},
  publisher = {CRC Press},
  year      = {2005},
  author    = {Anderson, Ted L. and Anderson, T. L.},
}

@Article{Andersson:1969,
  author    = {Andersson, H.},
  title     = {{S}tress-intensity factors at the tips of a star-shaped contour in an infinite tensile sheet},
  journal   = {{J}ournal of the {M}echanics and {P}hysics of {S}olids},
  year      = {1969},
  volume    = {17},
  number    = {5},
  pages     = {405--406},
  file      = {:home/TL0E122N/Bureau/Documents/Rupture/Stress-intensity factors at the tips of a star-shaped contour in an infinite tensile sheet.pdf:PDF},
  publisher = {Elsevier},
}

@Article{PhysRevLett.85.118,
  author    = {Aranson, I. S. and Kalatsky, V. A. and Vinokur, V. M.},
  title     = {{C}ontinuum {F}ield {D}escription of {C}rack {P}ropagation},
  journal   = {{P}hys. {R}ev. {L}ett.},
  year      = {2000},
  volume    = {85},
  number    = {1},
  pages     = {118--121},
  doi       = {10.1103/PhysRevLett.85.118},
  publisher = {American Physical Society},
  url       = {http://link.aps.org/doi/10.1103/PhysRevLett.85.118},
}

@Article{ArnoldWinther:2002,
  author        = {Arnold, Douglas N. and Winther, Ragnar},
  title         = {{M}ixed finite elements for elasticity},
  journal       = {{N}umerische {M}athematik},
  year          = {2002},
  volume        = {92},
  number        = {3},
  pages         = {401--419},
  bdsk-url-1    = {http://dx.doi.org/10.1007/s002110100348},
  date-modified = {2014-07-23 09:06:43 +0000},
  doi           = {10.1007/s002110100348},
  file          = {:/home/TL0E122N/Documents/Num√©rique/Mixed finite elements for elasticity.pdf:PDF},
  issn          = {0029-599X},
  language      = {English},
  publisher     = {Springer-Verlag},
  url           = {http://dx.doi.org/10.1007/s002110100348},
}

@Article{Atluri:1982,
  author    = {Atluri, Satya N.},
  title     = {{P}ath-independent integrals in finite elasticity and inelasticity, with body forces, inertia, and arbitrary crack-face conditions},
  journal   = {{E}ngineering {F}racture {M}echanics},
  year      = {1982},
  volume    = {16},
  number    = {3},
  pages     = {341--364},
  file      = {:/home/TL0E122N/Documents/Rupture/Path-independent integrals in finite elasticity and inelasticity, with body forces, inertia, and arbitrary crack-face conditions.pdf:PDF},
  publisher = {Elsevier},
}

@Article{AttiguiPetit:1997,
  author    = {Attigui, M. and Petit, C.},
  title     = {{M}ixed-mode separation in dynamic fracture mechanics: {N}ew path independent integrals},
  journal   = {{I}nternational {J}ournal of {F}racture},
  year      = {1997},
  volume    = {84},
  number    = {1},
  pages     = {19--36},
  file      = {:/home/TL0E122N/Documents/Rupture/Mixed-mode separation in dynamic fracture mechanics.pdf:PDF},
  publisher = {Springer},
}

@InProceedings{AttiguiPetit:1996,
  author    = {Attigui, M. and Petit, C.},
  title     = {{N}umerical path independent integral in dynamic fracture mechanics},
  booktitle = {{ECF} 11 -- {M}echanisms and {M}echanics of {D}amage and {F}ailure},
  year      = {1996},
  file      = {:/home/TL0E122N/Documents/Rupture/Numerical path independent integral in dynamic fracture mechanics.pdf:PDF},
}

@Article{Bazant:1997,
  author    = {Ba{\v{z}}ant, Z. P.},
  title     = {{S}caling of quasibrittle fracture: asymptotic analysis},
  journal   = {{I}nternational {J}ournal of {F}racture},
  year      = {1997},
  volume    = {83},
  number    = {1},
  pages     = {19--40},
  file      = {:home/TL0E122N/Bureau/Documents/Rupture/Scaling of quasibrittle fracture.pdf:PDF},
  publisher = {Springer},
}

@Article{BadelGodardLeblond:2007a,
  author    = {Badel, Pierre and Godard, Vincent and Leblond, Jean-Baptiste},
  title     = {{A}pplication of some anisotropic damage model to the prediction of the failure of some complex industrial concrete structure},
  journal   = {{I}nternational {J}ournal of {S}olids and {S}tructures},
  year      = {2007},
  volume    = {44},
  number    = {18},
  pages     = {5848--5874},
  publisher = {Elsevier},
}

@TechReport{PETSc:2015,
  author      = {Balay, Satish and Abhyankar, Shrirang and Adams, Mark~F. and Brown, Jed and Brune, Peter and Buschelman, Kris and Dalcin, Lisandro and Eijkhout, Victor and Gropp, William~D. and Kaushik, Dinesh and Knepley, Matthew~G. and McInnes, Lois Curfman and Rupp, Karl and Smith, Barry~F. and Zampini, Stefano and Zhang, Hong},
  title       = {{PETS}c {U}sers {M}anual},
  institution = {Argonne National Laboratory},
  year        = {2015},
  number      = {ANL-95/11 - Revision 3.6},
  note        = {Accessed on 1 May 2016},
  url         = {http://www.mcs.anl.gov/petsc},
}

@Article{Ballarini:2016aa,
  author        = {Ballarini, Roberto and Royer-Carfagni, Gianni},
  title         = {{C}losed-{P}ath {J}-{I}ntegral {A}nalysis of {B}ridged and {P}hase-{F}ield {C}racks},
  journal       = {{J}ournal of {A}pplied {M}echanics},
  year          = {2016},
  volume        = {83},
  number        = {6},
  pages         = {061008},
  date-added    = {2016-07-26 21:17:59 +0000},
  date-modified = {2016-07-26 21:18:46 +0000},
}

@Article{Barenblatt:1962,
  author    = {Barenblatt, Grigory Isaakovich},
  title     = {{T}he {M}athematical {T}heory of {E}quilibrium {C}racks in {B}rittle {F}racture},
  journal   = {{A}dvances in {A}pplied {M}echanics},
  year      = {1962},
  volume    = {7},
  pages     = {55--129},
  doi       = {10.1016/S0065-2156(08)70121-2},
  editor    = {H.L. Dryden, Th. von K√°rm√°n, G. Kuerti F.H. van den Dungen and Howarth, L.},
  issn      = {0065-2156},
  publisher = {Elsevier},
  series    = {Advances in Applied Mechanics},
  url       = {http://www.sciencedirect.com/science/article/pii/S0065215608701212},
}

@Article{BatraBedfordDrumheller:1986,
  author  = {Batra, G. and Bedford, A. and Drumheller, D. S.},
  title   = {{A}pplications of {H}amilton's principle to continua with singular surfaces},
  journal = {{A}rchive for {R}ational {M}echanics and {A}nalysis},
  year    = {1986},
  volume  = {93},
  number  = {3},
  pages   = {223--251},
  doi     = {10.1007/BF00281499},
  issn    = {1432-0673},
  url     = {http://dx.doi.org/10.1007/BF00281499},
}

@Article{Bazant:1985aa,
  author        = {Bazant, Zdenek P. and Belytschko, Ted B.},
  title         = {{W}ave propagation in a strain-softening bar: {E}xact solution},
  journal       = {{J}ournal of {E}ngineering {M}echanics},
  year          = {1985},
  volume        = {111},
  number        = {3},
  pages         = {381--389},
  date-added    = {2016-01-22 17:33:48 +0000},
  date-modified = {2016-01-22 17:34:41 +0000},
  publisher     = {American Society of Civil Engineers},
}

@Article{BazantBelytschkoChang:1984,
  author    = {Bazant, Zdenek P. and Belytschko, Ted B. and Chang, Ta-Peng},
  title     = {{C}ontinuum theory for strain-softening},
  journal   = {{J}ournal of {E}ngineering {M}echanics},
  year      = {1984},
  volume    = {110},
  number    = {12},
  pages     = {1666--1692},
  publisher = {American Society of Civil Engineers},
}

@Article{BazantPijaudier-Cabot:1988,
  author    = {Bazant, Zdenek P. and Pijaudier-Cabot, Gilles},
  title     = {{N}onlocal continuum damage, localization instability and convergence},
  journal   = {{J}ournal of {A}pplied {M}echanics},
  year      = {1988},
  volume    = {55},
  number    = {2},
  pages     = {287--293},
  publisher = {American Society of Mechanical Engineers},
}

@PhdThesis{Beaurain:2011,
  author = {Beaurain, J√©r√¥me},
  title  = {{R}echerche de solutions bifurqu√©es et √©tude de leur stabilit√© dans les probl√®mes d'endommagement},
  school = {Universit√© Pierre et Marie Curie},
  year   = {2011},
  file   = {:/home/TL0E122N/Documents/Rupture/Recherche de solutions bifurqu√©es et √©tude de leur stabilit√© dans les probl√®mes d'endommagement.pdf:PDF},
}

@InCollection{Benallal:1993,
  author    = {Benallal, A. and Billardon, R. and Geymonat, G.},
  title     = {{B}ifurcation and {L}ocalization in {R}ate-{I}ndependent {M}aterials. {S}ome {G}eneral {C}onsiderations},
  booktitle = {{B}ifurcation and {S}tability of {D}issipative {S}ystems},
  publisher = {Springer Vienna},
  year      = {1993},
  editor    = {Nguyen, Q.S.},
  volume    = {327},
  series    = {International Centre for Mechanical Sciences},
  pages     = {1--44},
}

@Article{BenallalMarigo:2007,
  author  = {Benallal, Ahmed and Marigo, Jean-Jacques},
  title   = {{B}ifurcation and stability issues in gradient theories with softening},
  journal = {{M}odelling and {S}imulation in {M}aterials {S}cience and {E}ngineering},
  year    = {2007},
  volume  = {15},
  number  = {1},
  pages   = {S283},
  file    = {:/home/TL0E122N/Documents/Rupture/Bifurcation and stability issues in gradient theories with softening.pdf:PDF},
}

@Article{BensonMcInnesMore:2001,
  author     = {Benson, Steven J. and McInnes, Lois Curfman and Mor√©, Jorge J.},
  title      = {{GPCG}: {A} {C}ase {S}tudy in the {P}erformance and {S}calability of {O}ptimization {A}lgorithms},
  journal    = {{ACM} {T}ransactions on {M}athematical {S}oftware},
  year       = {2001},
  volume     = {27},
  number     = {3},
  pages      = {361--376},
  acmid      = {502805},
  address    = {New York, NY, USA},
  bdsk-url-1 = {http://doi.acm.org/10.1145/502800.502805},
  bdsk-url-2 = {http://dx.doi.org/10.1145/502800.502805},
  doi        = {10.1145/502800.502805},
  file       = {:home/TL0E122N/Bureau/Documents/Num√©rique/GPCG\: A Case Study in the Performance and Scalability of Optimization Algorithms.pdf:PDF},
  issn       = {0098-3500},
  publisher  = {ACM},
  url        = {http://doi.acm.org/10.1145/502800.502805},
}

@Article{Benzi:2002,
  author  = {Benzi, Michele},
  title   = {{P}reconditioning {T}echniques for {L}arge {L}inear {S}ystems: {A} {S}urvey},
  journal = {{J}ournal of {C}omputational {P}hysics},
  year    = {2002},
  volume  = {182},
  number  = {2},
  pages   = {418--477},
  doi     = {10.1006/jcph.2002.7176},
  issn    = {0021-9991},
  url     = {http://www.sciencedirect.com/science/article/pii/S0021999102971767},
}

@Article{BerezovskiMaugin:2007,
  author    = {Berezovski, Arkadi and Maugin, Gerard A.},
  title     = {{O}n the propagation velocity of a straight brittle crack},
  journal   = {{I}nternational {J}ournal of {F}racture},
  year      = {2007},
  volume    = {143},
  number    = {2},
  pages     = {135--142},
  doi       = {10.1007/s10704-007-9053-x},
  file      = {:/home/TL0E122N/Documents/Rupture/On the propagation velocity of a straight brittle crack.pdf:PDF},
  issn      = {0376-9429},
  language  = {English},
  publisher = {Kluwer Academic Publishers},
  url       = {http://dx.doi.org/10.1007/s10704-007-9053-x},
}

@Article{Bochev:2005,
  author        = {Bochev, Pavel and Lehoucq, Richard B.},
  title         = {{O}n the finite element solution of the pure {N}eumann problem},
  journal       = {{SIAM} review},
  year          = {2005},
  volume        = {47},
  number        = {1},
  pages         = {50--66},
  date-added    = {2015-08-01 10:26:50 +0000},
  date-modified = {2015-08-01 10:27:14 +0000},
  publisher     = {SIAM},
}

@Book{BonnetFrangi:2006,
  title      = {{A}nalyse des solides d√©formables par la m√©thode des √©l√©ments finis},
  publisher  = {Editions de l'Ecole polytechnique},
  year       = {2006},
  author     = {Bonnet, M. and Frangi, A.},
  bdsk-url-1 = {http://books.google.fr/books?id=xHqVvUjDIFEC},
  isbn       = {9782730213493},
  lccn       = {2007429505},
  url        = {http://books.google.fr/books?id=xHqVvUjDIFEC},
}

@PhdThesis{Borden:2012,
  author = {Borden, Michael Johns},
  title  = {{I}sogeometric {A}nalysis of {P}hase-{F}ield {M}odels for {D}ynamic {B}rittle and {D}uctile {F}racture},
  school = {The University of Texas at Austin},
  year   = {2012},
  file   = {:/home/TL0E122N/Documents/Rupture/Isogeometric Analysis of Phase-Field Models for Dynamic Brittle and Ductile Fracture.pdf:PDF},
}

@Article{BordenHughesLandisVerhoosel:2014,
  author     = {Borden, Michael J. and Hughes, Thomas J.R. and Landis, Chad M. and Verhoosel, Clemens V.},
  title      = {{A} higher-order phase-field model for brittle fracture: {F}ormulation and analysis within the isogeometric analysis framework},
  journal    = {{C}omputer {M}ethods in {A}pplied {M}echanics and {E}ngineering},
  year       = {2014},
  volume     = {273},
  pages      = {100--118},
  bdsk-url-1 = {http://www.sciencedirect.com/science/article/pii/S0045782514000292},
  bdsk-url-2 = {http://dx.doi.org/10.1016/j.cma.2014.01.016},
  doi        = {10.1016/j.cma.2014.01.016},
  file       = {:/home/TL0E122N/Documents/Rupture/A higher-order phase-field model for brittle fracture Formulation and analysis within the isogeometric analysis framework.pdf:PDF},
  issn       = {0045-7825},
  url        = {http://www.sciencedirect.com/science/article/pii/S0045782514000292},
}

@Article{BordenVerhooselScottHughesLandis:2012,
  author     = {Borden, Michael J. and Verhoosel, Clemens V. and Scott, Michael A. and Hughes, Thomas J.R. and Landis, Chad M.},
  title      = {{A} phase-field description of dynamic brittle fracture},
  journal    = {{C}omputer {M}ethods in {A}pplied {M}echanics and {E}ngineering},
  year       = {2012},
  volume     = {217-220},
  pages      = {77--95},
  bdsk-url-1 = {http://www.sciencedirect.com/science/article/pii/S0045782512000199},
  bdsk-url-2 = {http://dx.doi.org/10.1016/j.cma.2012.01.008},
  doi        = {10.1016/j.cma.2012.01.008},
  file       = {:/home/TL0E122N/Documents/Rupture/A phase-field description of dynamic brittle fracture.pdf:PDF},
  issn       = {0045-7825},
  url        = {http://www.sciencedirect.com/science/article/pii/S0045782512000199},
}

@Article{BorstRemmersNeedlemanAbellan:2004,
  author     = {de Borst, Ren√© and Remmers, Joris J. C. and Needleman, Alan and Abellan, Marie-Ang√®le},
  title      = {{D}iscrete vs smeared crack models for concrete fracture: bridging the gap},
  journal    = {{I}nternational {J}ournal for {N}umerical and {A}nalytical {M}ethods in {G}eomechanics},
  year       = {2004},
  volume     = {28},
  number     = {7-8},
  pages      = {583--607},
  bdsk-url-1 = {http://dx.doi.org/10.1002/nag.374},
  doi        = {10.1002/nag.374},
  file       = {:/home/TL0E122N/Documents/Rupture/Discrete vs smeared crack models for concrete fracture bridging the gap.pdf:PDF},
  issn       = {1096-9853},
  publisher  = {John Wiley \& Sons, Ltd.},
  url        = {http://dx.doi.org/10.1002/nag.374},
}

@Article{BottoniDufourGiry:2015,
  author  = {Bottoni, Marina and Dufour, Fr√©d√©ric and Giry, C√©dric},
  title   = {{T}opological search of the crack pattern from a continuum mechanical computation},
  journal = {{E}ngineering {S}tructures},
  year    = {2015},
  volume  = {99},
  pages   = {346--359},
  doi     = {10.1016/j.engstruct.2015.05.005},
  issn    = {0141-0296},
  url     = {http://www.sciencedirect.com/science/article/pii/S0141029615003168},
}

@Article{BouchbinderGoldmanFineberg:2014,
  author    = {Bouchbinder, Eran and Goldman, Tamar and Fineberg, Jay},
  title     = {{T}he dynamics of rapid fracture: instabilities, nonlinearities and length scales},
  journal   = {{R}eports on {P}rogress in {P}hysics},
  year      = {2014},
  volume    = {77},
  number    = {4},
  pages     = {046501},
  file      = {:/home/TL0E122N/Documents/Rupture/The dynamics of rapid fracture instabilities, nonlinearities and length scales.pdf:PDF},
  publisher = {IOP Publishing},
}

@Article{BouchbinderMathiesenProcaccia:2005,
  author    = {Bouchbinder, Eran and Mathiesen, Joachim and Procaccia, Itamar},
  title     = {{B}ranching instabilities in rapid fracture: {D}ynamics and geometry},
  journal   = {{P}hysical {R}eview {E}},
  year      = {2005},
  volume    = {71},
  number    = {5},
  pages     = {056118},
  doi       = {10.1103/PhysRevE.71.056118},
  file      = {:home/TL0E122N/Bureau/Documents/Rupture/Branching Instabilities in Rapid Fracture\: Dynamics and Geometry.pdf:PDF},
  publisher = {American Physical Society},
  url       = {http://link.aps.org/doi/10.1103/PhysRevE.71.056118},
}

@Article{BoueCohenFineberg:2015,
  author    = {Bou√©, Tamar Goldman and Cohen, Gil and Fineberg, Jay},
  title     = {{O}rigin of the microbranching instability in rapid cracks},
  journal   = {{P}hysical {R}eview {L}etters},
  year      = {2015},
  volume    = {114},
  number    = {5},
  pages     = {054301},
  file      = {:home/TL0E122N/Bureau/Documents/Rupture/The origin of the micro-branching instability in rapid cracks.pdf:PDF},
  publisher = {APS},
}

@PhdThesis{Bourdin:1998,
  author = {Bourdin, Blaise},
  title  = {{U}ne m√©thode variationnelle en m√©canique de la rupture},
  school = {Universit√© Paris 13},
  year   = {1998},
  file   = {:/home/TL0E122N/Documents/Rupture/Une m√©thode variationnelle en m√©canique de la rupture.pdf:PDF},
}

@Article{BourdinFrancfortMarigo:2008,
  author  = {Bourdin, Blaise and Francfort, Gilles A. and Marigo, Jean-Jacques},
  title   = {{T}he {V}ariational {A}pproach to {F}racture},
  journal = {{J}ournal of {E}lasticity},
  year    = {2008},
  volume  = {91},
  number  = {1-3},
  pages   = {5--148},
  file    = {:/home/TL0E122N/Documents/Rupture/The variational approach to fracture.pdf:PDF},
}

@Article{BourdinFrancfortMarigo:2000,
  author  = {Bourdin, Blaise and Francfort, Gilles A. and Marigo, Jean-Jacques},
  title   = {{N}umerical experiments in revisited brittle fracture},
  journal = {{J}ournal of the {M}echanics and {P}hysics of {S}olids},
  year    = {2000},
  volume  = {48},
  number  = {4},
  pages   = {797--826},
  file    = {:/home/TL0E122N/Documents/Rupture/Numerical experiments in revisited brittle fracture.pdf:PDF},
}

@Article{Bourdin:2011,
  author  = {Bourdin, Blaise and Larsen, C. J. and Richardson, C. L.},
  title   = {{A} time-discrete model for dynamic fracture based on crack regularization},
  journal = {{I}nternational {J}ournal of {F}racture},
  year    = {2011},
  volume  = {168},
  number  = {2},
  pages   = {133--143},
  file    = {:/home/TL0E122N/Documents/Rupture/A time-discrete model for dynamic fracture based on crack regularization.pdf:PDF},
}

@Article{BourdinMarigoMauriniSicsic:2014,
  author    = {Bourdin, Blaise and Marigo, Jean-Jacques and Maurini, Corrado and Sicsic, Paul},
  title     = {{M}orphogenesis and propagation of complex cracks induced by thermal shocks},
  journal   = {{P}hysical {R}eview {L}etters},
  year      = {2014},
  volume    = {112},
  number    = {1},
  pages     = {014301},
  file      = {:/home/TL0E122N/Documents/Rupture/Morphogenesis and propagation of complex cracks induced by thermal shocks.pdf:PDF},
  publisher = {American Physical Society},
}

@Book{Braides:2002,
  title         = {{G}amma-convergence for {B}eginners},
  publisher     = {Oxford University Press Oxford},
  year          = {2002},
  author        = {Braides, Andrea},
  volume        = {22},
  date-added    = {2015-05-30 14:05:56 +0000},
  date-modified = {2015-05-30 14:06:00 +0000},
}

@Book{Braides:1998aa,
  title         = {{A}pproximation of free-discontinuity problems},
  publisher     = {Springer Science \& Business Media},
  year          = {1998},
  author        = {Braides, Andrea},
  number        = {1694},
  date-added    = {2016-05-08 10:47:27 +0000},
  date-modified = {2016-05-08 10:47:30 +0000},
}

@Article{BuehlerGao:2006,
  author    = {Buehler, Markus J and Gao, Huajian},
  title     = {{D}ynamical fracture instabilities due to local hyperelasticity at crack tips},
  journal   = {{N}ature},
  year      = {2006},
  volume    = {439},
  pages     = {307--310},
  file      = {:home/TL0E122N/Bureau/Documents/Rupture/Dynamical fracture instabilities due to local hyperelasticity at crack tips.pdf:PDF},
  publisher = {Nature Publishing Group},
}

@Book{Bui:2006,
  title     = {{F}racture {M}echanics: {I}nverse {P}roblems and {S}olutions},
  publisher = {Springer Science \& Business Media},
  year      = {2006},
  author    = {Bui, Huy Duong},
}

@Article{Bui:1983,
  author    = {Bui, Huy Duong},
  title     = {{A}ssociated path independent {J}-integrals for separating mixed modes},
  journal   = {{J}ournal of the {M}echanics and {P}hysics of {S}olids},
  year      = {1983},
  volume    = {31},
  number    = {6},
  pages     = {439--448},
  file      = {:home/TL0E122N/Bureau/Documents/Rupture/Associated path independent J-integrals for separating mixed modes.pdf:PDF},
  publisher = {Elsevier},
}

@Article{CamachoOrtiz:1996,
  author  = {Camacho, G.T. and Ortiz, M.},
  title   = {{C}omputational modelling of impact damage in brittle materials},
  journal = {{I}nternational {J}ournal of {S}olids and {S}tructures},
  year    = {1996},
  volume  = {33},
  number  = {20‚Äì22},
  pages   = {2899--2938},
  doi     = {10.1016/0020-7683(95)00255-3},
  issn    = {0020-7683},
  url     = {http://www.sciencedirect.com/science/article/pii/0020768395002553},
}

@Article{CazesCoretCombescureGravouil:2009,
  author    = {Cazes, Fabien and Coret, Michel and Combescure, Alain and Gravouil, Anthony},
  title     = {{A} thermodynamic method for the construction of a cohesive law from a nonlocal damage model},
  journal   = {{I}nternational {J}ournal of {S}olids and {S}tructures},
  year      = {2009},
  volume    = {46},
  number    = {6},
  pages     = {1476--1490},
  publisher = {Elsevier},
}

@Article{CazesMoes:2015,
  author    = {Cazes, Fabien and Mo√´s, Nicolas},
  title     = {{C}omparison of a phase-field model and of a thick level set model for brittle and quasi-brittle fracture},
  journal   = {{I}nternational {J}ournal for {N}umerical {M}ethods in {E}ngineering},
  year      = {2015},
  file      = {:/home/TL0E122N/Documents/Rupture/Comparison of a phase-field model and of a thick level set model for brittle and quasi-brittle fracture.pdf:PDF},
  publisher = {Wiley Online Library},
}

@TechReport{EPX:2015,
  author      = {CEA and EC},
  title       = {{EUROPLEXUS}: {A} {C}omputer {P}rogram for the {F}inite {E}lement {S}imulation of {F}luid-{S}tructure {S}ystems under {T}ransient {D}ynamic {L}oading. {U}ser's {M}anual.},
  institution = {Commissariat √† l'√©nergie atomique and European Commission},
  year        = {2015},
  url         = {http://www-epx.cea.fr},
}

@Article{ChambolleFrancfortMarigo:2010,
  author    = {Chambolle, Antonin and Francfort, Gilles A and Marigo, Jean-Jacques},
  title     = {{R}evisiting energy release rates in brittle fracture},
  journal   = {{J}ournal of nonlinear science},
  year      = {2010},
  volume    = {20},
  number    = {4},
  pages     = {395--424},
  file      = {:/home/TL0E122N/Documents/Rupture/Revisiting Energy Release Rates in Brittle Fracture.pdf:PDF},
  publisher = {Springer},
}

@Article{ChambolleFrancfortMarigo:2009,
  author  = {Chambolle, A. and Francfort, Gilles A. and Marigo, Jean-Jacques},
  title   = {{W}hen and how do cracks propagate?},
  journal = {{J}ournal of the {M}echanics and {P}hysics of {S}olids},
  year    = {2009},
  volume  = {57},
  number  = {9},
  pages   = {1614--1622},
  doi     = {10.1016/j.jmps.2009.05.009},
  file    = {:/home/TL0E122N/Documents/Rupture/When and how do cracks propagate.pdf:PDF},
  issn    = {0022-5096},
  url     = {http://www.sciencedirect.com/science/article/pii/S0022509609000726},
}

@Article{ChandarKnauss:1982,
  author    = {Chandar, K Ravi and Knauss, WG},
  title     = {{D}ynamic crack-tip stresses under stress wave loading -- {A} comparison of theory and experiment},
  journal   = {{I}nternational {J}ournal of {F}racture},
  year      = {1982},
  volume    = {20},
  number    = {3},
  pages     = {209--222},
  publisher = {Springer},
}

@InProceedings{CharlotteFrancfortMarigoTruskinovsky:2000,
  author    = {Charlotte, M. and Francfort, G. A. and Marigo, Jean-Jacques and Truskinovsky, L.},
  title     = {{R}evisiting brittle fracture as an energy minimization problem: comparison of {G}riffith and {B}arenblatt surface energy models},
  booktitle = {{S}ymposium on continuous damage and fracture},
  year      = {2000},
}

@Article{CharlotteLaverneMarigo:2006,
  author  = {Charlotte, Miguel and Laverne, J√©r√¥me and Marigo, Jean-Jacques},
  title   = {{I}nitiation of cracks with cohesive force models: a variational approach},
  journal = {{E}uropean {J}ournal of {M}echanics - {A}/{S}olids},
  year    = {2006},
  volume  = {25},
  number  = {4},
  pages   = {649--669},
  file    = {:/home/TL0E122N/Documents/Rupture/Initiation of cracks with cohesive force models a variational approach.pdf:PDF},
}

@Article{Cherepanov:1989,
  author        = {Cherepanov, G. P.},
  title         = {{A} remark on the dynamic invariant or path-independent integral},
  journal       = {{I}nternational {J}ournal of {S}olids and {S}tructures},
  year          = {1989},
  volume        = {25},
  number        = {11},
  pages         = {1267--1269},
  date-modified = {2016-05-06 12:47:06 +0000},
  doi           = {10.1016/0020-7683(89)90090-5},
  issn          = {0020-7683},
  url           = {http://www.sciencedirect.com/science/article/pii/0020768389900905},
}

@Article{Cherepanov:1967aa,
  author        = {Cherepanov, G. P.},
  title         = {{T}he propagation of cracks in a continuous medium},
  journal       = {{J}ournal of {A}pplied {M}athematics and {M}echanics},
  year          = {1967},
  volume        = {31},
  number        = {3},
  pages         = {503--512},
  date-added    = {2016-05-06 12:45:00 +0000},
  date-modified = {2016-05-06 12:45:30 +0000},
}

@Book{Ciarlet:1993aa,
  title         = {{M}athematical elasticity: {T}hree-dimensional elasticity},
  publisher     = {Elsevier},
  year          = {1993},
  author        = {Ciarlet, Philippe G.},
  volume        = {1},
  date-added    = {2015-08-13 22:20:39 +0000},
  date-modified = {2015-08-13 22:20:51 +0000},
  file          = {:home/TL0E122N/Documents/MMC/Mathematical Elasticity 1.pdf:PDF},
}

@Article{CiarletNecas:1987,
  author    = {Ciarlet, Philippe G and Neƒças, Jind≈ôich},
  title     = {{I}njectivity and self-contact in nonlinear elasticity},
  journal   = {{A}rchive for {R}ational {M}echanics and {A}nalysis},
  year      = {1987},
  volume    = {97},
  number    = {3},
  pages     = {171--188},
  publisher = {Springer},
}

@Article{CimetiereHalmMarigoMolines:2003,
  author  = {Cimeti√®re, Alain and Halm, Damien and Marigo, Jean-Jacques and Molines, Estelle},
  title   = {{M}od√®les standards g√©n√©ralis√©s √† convexe fixe en endommagement},
  journal = {{C}omptes {R}endus {M}√©canique},
  year    = {2003},
  volume  = {331},
  number  = {4},
  pages   = {291--294},
  file    = {:/home/TL0E122N/Documents/Rupture/Mod√®les standards g√©n√©ralis√©s √† convexe fixe en endommagement.pdf:PDF},
}

@Article{ClaytonKnap:2014,
  author  = {Clayton, J. D. and Knap, J.},
  title   = {{A} geometrically nonlinear phase field theory of brittle fracture},
  journal = {{I}nternational {J}ournal of {F}racture},
  year    = {2014},
  volume  = {189},
  number  = {2},
  pages   = {139--148},
  doi     = {10.1007/s10704-014-9965-1},
  issn    = {1573-2673},
  url     = {http://dx.doi.org/10.1007/s10704-014-9965-1},
}

@Article{Comi:2001,
  author        = {Comi, Claudia},
  title         = {{A} non-local model with tension and compression damage mechanisms},
  journal       = {{E}uropean {J}ournal of {M}echanics - {A}/{S}olids},
  year          = {2001},
  volume        = {20},
  number        = {1},
  pages         = {1--22},
  date-modified = {2016-05-09 19:03:28 +0000},
  doi           = {10.1016/S0997-7538(00)01111-6},
  issn          = {0997-7538},
  url           = {http://www.sciencedirect.com/science/article/pii/S0997753800011116},
}

@Article{Comi:1999,
  author        = {Comi, Claudia},
  title         = {{C}omputational modelling of gradient-enhanced damage in quasi-brittle materials},
  journal       = {{M}echanics of {C}ohesive-{F}rictional {M}aterials},
  year          = {1999},
  volume        = {4},
  number        = {1},
  pages         = {17--36},
  date-added    = {2015-05-29 19:58:03 +0000},
  date-modified = {2015-05-29 19:58:16 +0000},
  publisher     = {Wiley Online Library},
}

@Article{ContiFocardiIurlano:2015,
  author        = {Conti, Sergio and Focardi, Matteo and Iurlano, Flaviana},
  title         = {{P}hase field approximation of cohesive fracture models},
  journal       = {{A}nnales de l'{I}nstitut {H}enri {P}oincare ({C}) {N}on {L}inear {A}nalysis},
  year          = {2015},
  date-added    = {2016-05-08 17:56:02 +0000},
  date-modified = {2016-05-09 19:03:34 +0000},
  doi           = {10.1016/j.anihpc.2015.02.001},
  issn          = {0294-1449},
  url           = {http://www.sciencedirect.com/science/article/pii/S0294144915000360},
}

@Article{CuvilliezFeyelLorentzMichel-Ponnelle:2012,
  author        = {Cuvilliez, Sam and Feyel, Fr√©d√©ric and Lorentz, Eric and Michel-Ponnelle, Sylvie},
  title         = {{A} finite element approach coupling a continuous gradient damage model and a cohesive zone model within the framework of quasi-brittle failure},
  journal       = {{C}omputer {M}ethods in {A}pplied {M}echanics and {E}ngineering},
  year          = {2012},
  volume        = {237-240},
  pages         = {244--259},
  bdsk-url-1    = {http://www.sciencedirect.com/science/article/pii/S0045782512001466},
  bdsk-url-2    = {http://dx.doi.org/10.1016/j.cma.2012.04.019},
  date-modified = {2016-05-08 12:58:40 +0000},
  doi           = {10.1016/j.cma.2012.04.019},
  file          = {:/home/TL0E122N/Documents/Rupture/A finite element approach coupling a continuous gradient damage model and a cohesive zone model within the framework of quasi-brittle failure.pdf:PDF},
  issn          = {0045-7825},
  url           = {http://www.sciencedirect.com/science/article/pii/S0045782512001466},
}

@Article{Dal-Maso:2006,
  author        = {Dal Maso, Gianni and DeSimone, Antonio and Mora, Maria Giovanna},
  title         = {{Q}uasistatic evolution problems for linearly elastic-perfectly plastic materials},
  journal       = {{A}rchive for rational mechanics and analysis},
  year          = {2006},
  volume        = {180},
  number        = {2},
  pages         = {237--291},
  date-added    = {2015-06-08 21:03:35 +0000},
  date-modified = {2015-06-08 21:06:30 +0000},
  file          = {:/home/TL0E122N/Documents/MMC/Quasistatic Evolution Problems for Linearly Elastic-Perfectly Plastic Materials.pdf:PDF},
  publisher     = {Springer},
}

@Article{DalOrlandoToader:2015,
  author    = {Dal Maso, Gianni and Orlando, Gianluca and Toader, Rodica},
  title     = {{L}aplace equation in a domain with a rectilinear crack: higher order derivatives of the energy with respect to the crack length},
  journal   = {{N}onlinear {D}ifferential {E}quations and {A}pplications {N}o{DEA}},
  year      = {2015},
  volume    = {22},
  number    = {3},
  pages     = {449--476},
  doi       = {10.1007/s00030-014-0291-0},
  file      = {:home/TL0E122N/Bureau/Documents/Rupture/Laplace equation in a domain with a rectilinear crack.pdf:PDF},
  issn      = {1021-9722},
  language  = {English},
  publisher = {Springer Basel},
  url       = {http://dx.doi.org/10.1007/s00030-014-0291-0},
}

@Article{DallyWeinberg:2015,
  author    = {Dally, Tim and Weinberg, Kerstin},
  title     = {{T}he phase-field approach as a tool for experimental validations in fracture mechanics},
  journal   = {{C}ontinuum {M}echanics and {T}hermodynamics},
  year      = {2015},
  pages     = {1--10},
  file      = {:/home/TL0E122N/Documents/Rupture/The phase-field approach as a tool for experimental validations in fracture mechanics.pdf:PDF},
  publisher = {Springer},
}

@Article{Davoli:2015,
  author        = {Davoli, Elisa and Francfort, Gilles A},
  title         = {{A} {C}ritical {R}evisiting of {F}inite {E}lasto-{P}lasticity},
  journal       = {{SIAM} {J}ournal on {M}athematical {A}nalysis},
  year          = {2015},
  volume        = {47},
  number        = {1},
  pages         = {526--565},
  date-added    = {2015-06-08 21:05:13 +0000},
  date-modified = {2015-06-08 21:05:55 +0000},
  publisher     = {SIAM},
}

@Article{Debruyne:1992,
  author  = {Debruyne, Gilles},
  title   = {{P}robl√®me de la propagation finie d'une fissure en √©lasticit√© en repr√©sentation lagrangienne arbitraire},
  journal = {{C}omptes {R}endus {M}√©canique},
  year    = {1992},
  volume  = {315},
  number  = {12},
  pages   = {1445--1451},
  file    = {:/home/TL0E122N/Documents/Rupture/Probl√®me de la propagation finie d'une fissure en √©lasticit√© en repr√©sentation lagrangienne arbitraire.pdf:PDF},
}

@Article{DebruyneLaverneDumouchel:2012,
  author    = {Debruyne, G and Laverne, J and Dumouchel, PE},
  title     = {{D}ynamic crack growth: {A}nalytical and numerical cohesive zone models approaches from basic tests to industrial structures},
  journal   = {{E}ngineering {F}racture {M}echanics},
  year      = {2012},
  volume    = {90},
  pages     = {1--29},
  publisher = {Elsevier},
}

@Article{DeeganPetersanMarderSwinney:2001,
  author    = {Deegan, Robert D and Petersan, Paul J and Marder, M and Swinney, Harry L},
  title     = {{O}scillating fracture paths in rubber},
  journal   = {{P}hysical {R}eview {L}etters},
  year      = {2001},
  volume    = {88},
  number    = {1},
  pages     = {014304},
  publisher = {APS},
}

@Article{Del:1989,
  author    = {Del Piero, Gianpietro},
  title     = {{C}onstitutive equation and compatibility of the external loads for linear elastic masonry-like materials},
  journal   = {{M}eccanica},
  year      = {1989},
  volume    = {24},
  number    = {3},
  pages     = {150--162},
  doi       = {10.1007/BF01559418},
  file      = {:home/TL0E122N/Bureau/Documents/Rupture/Constitutive equation and compatibility of the external loads for linear elastic masonry-like materials.pdf:PDF},
  issn      = {0025-6455},
  publisher = {Kluwer Academic Publishers},
  url       = {http://dx.doi.org/10.1007/BF01559418},
}

@TechReport{DelmasLefebvre:2014,
  author      = {Delmas, J. and Lef√®bvre, J.-P.},
  title       = {{N}otice d'utilisation du cluster de calcul {A}ster5},
  institution = {EDF R\&D D√©partement Analyses M√©caniques et Acoustique},
  year        = {2014},
}

@Article{DempseyBurgers:1985,
  author    = {Dempsey, J. P. and Burgers, P.},
  title     = {{D}ynamic crack branching in brittle solids},
  journal   = {{I}nternational {J}ournal of {F}racture},
  year      = {1985},
  volume    = {27},
  number    = {3-4},
  pages     = {203--213},
  file      = {:home/TL0E122N/Documents/Rupture/Dynamic crack branching in brittle solids.pdf:PDF},
  publisher = {Springer},
}

@Article{Destuynder:1981,
  author        = {Destuynder, P. and Djaoua, M.},
  title         = {{S}ur une interpr√©tation math√©matique de l'int√©grale de {R}ice en th√©orie de la rupture fragile},
  journal       = {{M}athematical {M}ethods in the {A}pplied {S}ciences},
  year          = {1981},
  volume        = {3},
  number        = {1},
  pages         = {70--87},
  date-added    = {2015-01-19 03:11:42 +0000},
  date-modified = {2015-01-19 13:42:13 +0000},
  file          = {:home/TL0E122N/Documents/Rupture/Sur une Interpr√©tation Math√©matique de l'Intgrale de Rice en Th√©orie de la Rupture Fragile.pdf:PDF},
  issn          = {1099-1476},
}

@Article{DestuynderDjaouaLescure:1983,
  author  = {Destuynder, P. and Djaoua, M. and Lescure, S.},
  title   = {{Q}uelques remarques sur la m√©canique de la rupture √©lastique},
  journal = {{J}ournal de {M}√©canique {T}h√©orique et {A}ppliqu√©e},
  year    = {1983},
  volume  = {2},
  number  = {1},
  pages   = {113--135},
  file    = {:home/TL0E122N/Documents/Rupture/Quelques remarques sur la m√©canique de la rupture √©lastique.pdf:PDF},
}

@PhdThesis{Doyen:2010,
  author = {Doyen, David},
  title  = {{M}√©thodes num√©riques pour des probl√®mes dynamiques de contact et de fissuration},
  school = {Universit√© Paris-Est},
  year   = {2010},
  file   = {:/home/TL0E122N/Documents/Rupture/M√©thodes num√©riques pour des probl√®mes dynamiques de contact et de fissuration.pdf:PDF},
}

@PhdThesis{Dumouchel:2008,
  author = {Dumouchel, Pierre-Emmanuel},
  title  = {{P}ropagation brutale de fissures et effets dynamiques : application industrielle √† la notion de longueur d'arr√™t},
  school = {Universit√© Pierre et Marie Curie},
  year   = {2008},
  file   = {:/home/TL0E122N/Documents/Rupture/Propagation brutale de fissures et effets dynamiques.pdf:PDF},
}

@Article{DumouchelMarigoCharlotte:2008,
  author    = {Dumouchel, P.-E. and Marigo, J.-J. and Charlotte, M.},
  title     = {{D}ynamic fracture: an example of convergence towards a discontinuous quasistatic solution},
  journal   = {{C}ontinuum {M}echanics and {T}hermodynamics},
  year      = {2008},
  volume    = {20},
  number    = {1},
  pages     = {1--19},
  doi       = {10.1007/s00161-008-0071-3},
  file      = {:/home/TL0E122N/Documents/Rupture/Dynamic fracture an example of convergence towards a discontinuous quasistatic solution.pdf:PDF},
  issn      = {0935-1175},
  language  = {English},
  publisher = {Springer-Verlag},
  url       = {http://dx.doi.org/10.1007/s00161-008-0071-3},
}

@Article{DumouchelMarigoCharlotte:2007,
  author  = {Dumouchel, Pierre-Emmanuel and Marigo, Jean-Jacques and Charlotte, Miguel},
  title   = {{R}upture dynamique et fissuration quasi-statique instable},
  journal = {{C}omptes {R}endus {M}√©canique},
  year    = {2007},
  volume  = {335},
  number  = {11},
  pages   = {708--713},
  file    = {:/home/TL0E122N/Documents/Rupture/Rupture dynamique et fissuration quasi-statique instable.pdf:PDF},
}

@Article{EischenHerrmann:1987,
  author        = {Eischen, J. W. and Herrmann, G.},
  title         = {{E}nergy release rates and related balance laws in linear elastic defect mechanics},
  journal       = {{J}ournal of {A}pplied {M}echanics},
  year          = {1987},
  volume        = {54},
  number        = {2},
  pages         = {388--392},
  date-modified = {2016-05-06 12:38:17 +0000},
  file          = {:/home/TL0E122N/Documents/Rupture/Energy release rates and related balance laws in linear elastic defect mechanics.pdf:PDF},
  publisher     = {American Society of Mechanical Engineers},
}

@Article{ElicesGuineaGomezPlanas:2002,
  author        = {Elices, M. and Guinea, G.V. and G√≥mez, J. and Planas, J.},
  title         = {{T}he cohesive zone model: advantages, limitations and challenges},
  journal       = {{E}ngineering {F}racture {M}echanics},
  year          = {2002},
  volume        = {69},
  number        = {2},
  pages         = {137--163},
  date-modified = {2016-05-04 20:41:35 +0000},
  doi           = {10.1016/S0013-7944(01)00083-2},
  issn          = {0013-7944},
  url           = {http://www.sciencedirect.com/science/article/pii/S0013794401000832},
}

@Article{Erdogan:1963aa,
  author        = {Erdogan, Fazil and Sih, G. C.},
  title         = {{O}n the crack extension in plates under plane loading and transverse shear},
  journal       = {{J}ournal of {B}asic {E}ngineering},
  year          = {1963},
  volume        = {85},
  number        = {4},
  pages         = {519--525},
  date-added    = {2016-05-06 18:46:18 +0000},
  date-modified = {2016-05-06 18:46:47 +0000},
  publisher     = {American Society of Mechanical Engineers},
}

@InProceedings{Eshelby:1970,
  author    = {Eshelby, J. D.},
  title     = {{E}nergy {R}elations and the {E}nergy-{M}omentum {T}ensor in {C}ontinuum {M}echanics},
  booktitle = {{I}nelastic behaviour of solids},
  year      = {1970},
  editor    = {Kanninen, M.F. and Adler, W. F. and Rosenfeld, A. R. and Jaffee, R. I.},
  pages     = {77--114},
  publisher = {McGraw-Hill},
}

@Article{Eshelby:1975,
  author    = {Eshelby, J. D.},
  title     = {{T}he elastic energy-momentum tensor},
  journal   = {{J}ournal of {E}lasticity},
  year      = {1975},
  volume    = {5},
  number    = {3-4},
  pages     = {321--335},
  publisher = {Springer},
}

@Article{FarrellMaurini:2016,
  author  = {Farrell, Patrick and Maurini, Corrado},
  title   = {{L}inear and nonlinear solvers for variational phase-field models of brittle fracture},
  journal = {{I}nternational {J}ournal for {N}umerical {M}ethods in {E}ngineering},
  year    = {2016},
  doi     = {10.1002/nme.5300},
  issn    = {1097-0207},
  url     = {http://dx.doi.org/10.1002/nme.5300},
}

@PhdThesis{Faucher:2003,
  author = {Faucher, Vincent},
  title  = {{M}√©thodes de r√©duction en dynamique explicite multi-√©chelles pour l'analyse des structures complexes sous impact},
  school = {Ecole normale sup√©rieure de Cachan},
  year   = {2003},
  file   = {:/home/TL0E122N/Documents/Num√©rique/M√©thodes de r√©duction en dynamique explicite multi-√©chelles pour l'analyse des structures complexes sous impact.pdf:PDF},
}

@Article{FerteMassinMoes:2016,
  author  = {Fert√©, G. and Massin, P. and Mo√´s, N.},
  title   = {3{D} crack propagation with cohesive elements in the extended finite element method},
  journal = {{C}omputer {M}ethods in {A}pplied {M}echanics and {E}ngineering},
  year    = {2016},
  volume  = {300},
  pages   = {347--374},
  doi     = {10.1016/j.cma.2015.11.018},
  issn    = {0045-7825},
  url     = {http://www.sciencedirect.com/science/article/pii/S0045782515003771},
}

@Article{FinebergBouchbinder:2015,
  author    = {Fineberg, Jay and Bouchbinder, Eran},
  title     = {{R}ecent developments in dynamic fracture: some perspectives},
  journal   = {{I}nternational {J}ournal of {F}racture},
  year      = {2015},
  pages     = {1--25},
  doi       = {10.1007/s10704-015-0038-x},
  file      = {:home/TL0E122N/Bureau/Documents/Rupture/Recent developments in dynamic fracture some perspectives.pdf:PDF},
  issn      = {0376-9429},
  language  = {English},
  publisher = {Springer Netherlands},
  url       = {http://dx.doi.org/10.1007/s10704-015-0038-x},
}

@Article{FinebergGrossMarderSwinney:1992a,
  author    = {Fineberg, Jay and Gross, Steven P. and Marder, M. and Swinney, Harry L.},
  title     = {{I}nstability in the propagation of fast cracks},
  journal   = {{P}hysical {R}eview {B}},
  year      = {1992},
  volume    = {45},
  number    = {10},
  pages     = {5146--5154},
  month     = mar,
  doi       = {10.1103/PhysRevB.45.5146},
  publisher = {American Physical Society},
  url       = {http://link.aps.org/doi/10.1103/PhysRevB.45.5146},
}

@Article{FinebergGrossMarderSwinney:1991,
  author    = {Fineberg, Jay and Gross, Steven P. and Marder, M. and Swinney, Harry L.},
  title     = {{I}nstability in dynamic fracture},
  journal   = {{P}hysical {R}eview {L}etters},
  year      = {1991},
  volume    = {67},
  number    = {4},
  pages     = {457--460},
  doi       = {10.1103/PhysRevLett.67.457},
  file      = {:home/TL0E122N/Bureau/Documents/Rupture/Instability in dynamic fracture PRL.pdf:PDF},
  publisher = {American Physical Society},
  url       = {http://link.aps.org/doi/10.1103/PhysRevLett.67.457},
}

@Article{FinebergMarder:1999,
  author    = {Fineberg, Jay and Marder, M},
  title     = {{I}nstability in dynamic fracture},
  journal   = {{P}hysics {R}eports},
  year      = {1999},
  volume    = {313},
  number    = {1},
  pages     = {1--108},
  file      = {:home/TL0E122N/Bureau/Documents/Rupture/Instability in dynamic fracture.pdf:PDF},
  publisher = {Elsevier},
}

@Article{FischerPredanFratzlKolednik:2012,
  author    = {Fischer, F. D. and Predan, J and Fratzl, P and Kolednik, O},
  title     = {{S}emi-analytical approaches to assess the crack driving force in periodically heterogeneous elastic materials},
  journal   = {{I}nternational {J}ournal of {F}racture},
  year      = {2012},
  volume    = {173},
  number    = {1},
  pages     = {57--70},
  file      = {:/home/TL0E122N/Documents/Rupture/Semi-analytical approaches to assess the crack driving force in periodically heterogeneous elastic materials.pdf:PDF},
  publisher = {Springer},
}

@Article{Francfort:2006,
  author  = {Francfort, Gilles A.},
  title   = {{Q}uasistatic brittle fracture seen as an energy minimizing movement},
  journal = {{GAMM}-{M}itteilungen},
  year    = {2006},
  volume  = {29},
  number  = {2},
  pages   = {172--191},
  file    = {:/home/TL0E122N/Documents/Rupture/Quasistatic brittle fracture seen as an energy minimizing movement.pdf:PDF},
}

@Article{FrancfortMarigo:2005,
  author  = {Francfort, Gilles A. and Marigo, Jean-Jacques},
  title   = {{G}riffith theory of brittle fracture revisited: merits and drawbacks},
  journal = {{L}atin {A}merican {J}ournal of {S}olids and {S}tructures},
  year    = {2005},
  volume  = {2},
  pages   = {57--64},
  file    = {:/home/TL0E122N/Documents/Rupture/Griffith theory of brittle fracture revisited merits and drawbacks.pdf:PDF},
}

@Article{FrancfortMarigo:2002,
  author  = {Francfort, Gilles A. and Marigo, Jean-Jacques},
  title   = {{V}ers une th√©orie √©nerg√©tique de la rupture fragile},
  journal = {{C}omptes {R}endus {M}√©canique},
  year    = {2002},
  volume  = {330},
  number  = {4},
  pages   = {225--233},
  file    = {:/home/TL0E122N/Documents/Rupture/Vers une th√©orie √©nerg√©tique de la rupture fragile.pdf:PDF},
}

@Article{FrancfortMarigo:1998,
  author  = {Francfort, Gilles A. and Marigo, Jean-Jacques},
  title   = {{R}evisiting brittle fracture as an energy minimization problem},
  journal = {{J}ournal of the {M}echanics and {P}hysics of {S}olids},
  year    = {1998},
  volume  = {46},
  number  = {8},
  pages   = {1319--1342},
  file    = {:/home/TL0E122N/Documents/Rupture/Revisiting brittle fracture as an energy minimization problem.pdf:PDF},
}

@Article{Francois:2008,
  author        = {Fran√ßois, Marc},
  title         = {{A} new yield criterion for the concrete materials},
  journal       = {{C}omptes {R}endus {M}√©canique},
  year          = {2008},
  volume        = {336},
  number        = {5},
  pages         = {417--421},
  bdsk-url-1    = {http://www.sciencedirect.com/science/article/pii/S1631072108000247},
  bdsk-url-2    = {http://dx.doi.org/10.1016/j.crme.2008.01.010},
  date-modified = {2015-06-01 20:28:21 +0000},
  doi           = {10.1016/j.crme.2008.01.010},
  file          = {:/home/TL0E122N/Documents/Rupture/A new yield criterion for the concrete materials.pdf:PDF},
  issn          = {1631-0721},
  url           = {http://www.sciencedirect.com/science/article/pii/S1631072108000247},
}

@Article{FreddiRoyer-Carfagni:2011,
  author    = {Freddi, Francesco and Royer-Carfagni, Gianni},
  title     = {{V}ariational fracture mechanics to model compressive splitting of masonry-like materials},
  journal   = {{A}nnals of {S}olid and {S}tructural {M}echanics},
  year      = {2011},
  volume    = {2},
  number    = {2-4},
  pages     = {57--67},
  doi       = {10.1007/s12356-011-0018-4},
  file      = {:/home/TL0E122N/Documents/Rupture/Variational fracture mechanics to model compressive splitting of masonry-like materials.pdf:PDF},
  issn      = {1867-6936},
  publisher = {Springer-Verlag},
  url       = {http://dx.doi.org/10.1007/s12356-011-0018-4},
}

@Article{FreddiRoyer-Carfagni:2010,
  author     = {Freddi, Francesco and Royer-Carfagni, Gianni},
  title      = {{R}egularized variational theories of fracture: {A} unified approach},
  journal    = {{J}ournal of the {M}echanics and {P}hysics of {S}olids},
  year       = {2010},
  volume     = {58},
  number     = {8},
  pages      = {1154--1174},
  bdsk-url-1 = {http://www.sciencedirect.com/science/article/pii/S0022509610000475},
  bdsk-url-2 = {http://dx.doi.org/10.1016/j.jmps.2010.02.010},
  doi        = {10.1016/j.jmps.2010.02.010},
  file       = {:/home/TL0E122N/Documents/Rupture/Regularized variational theories of fracture A unified approach.pdf:PDF},
  issn       = {0022-5096},
  url        = {http://www.sciencedirect.com/science/article/pii/S0022509610000475},
}

@Book{Freund:1990,
  title      = {{D}ynamic {F}racture {M}echanics},
  publisher  = {{C}ambridge {U}niversity {P}ress},
  year       = {1990},
  author     = {Freund, L. B.},
  address    = {Cambridge},
  bdsk-url-1 = {http://dx.doi.org/10.1017/CBO9780511546761},
  booktitle  = {{D}ynamic {F}racture {M}echanics},
  doi        = {10.1017/CBO9780511546761},
  file       = {:/home/TL0E122N/Documents/Rupture/Dynamic fracture mechanics.pdf:PDF},
}

@Article{Freund:1972,
  author        = {Freund, L. B.},
  title         = {{E}nergy flux into the tip of an extending crack in an elastic solid},
  journal       = {{J}ournal of {E}lasticity},
  year          = {1972},
  volume        = {2},
  number        = {4},
  pages         = {341--349},
  date-added    = {2016-05-05 11:44:41 +0000},
  date-modified = {2016-05-09 21:52:34 +0000},
  doi           = {10.1007/BF00045718},
  issn          = {1573-2681},
  url           = {http://dx.doi.org/10.1007/BF00045718},
}

@Article{Gao:1991,
  author    = {Gao, Huajian},
  title     = {{F}racture analysis of nonhomogeneous materials via a moduli-perturbation approach},
  journal   = {{I}nternational {J}ournal of {S}olids and {S}tructures},
  year      = {1991},
  volume    = {27},
  number    = {13},
  pages     = {1663--1682},
  file      = {:/home/TL0E122N/Documents/Rupture/Fracture analysis of nonhomogeneous materials via a moduli-perturbation approach.pdf:PDF},
  publisher = {Elsevier},
}

@Article{Gao:1996,
  author    = {Gao, Xin-Lin},
  title     = {{A} general solution of an infinite elastic plate with an elliptic hole under biaxial loading},
  journal   = {{I}nternational journal of pressure vessels and piping},
  year      = {1996},
  volume    = {67},
  number    = {1},
  pages     = {95--104},
  file      = {:home/TL0E122N/Bureau/Documents/Rupture/A general solution of an infinite elastic plate with an elliptic hole under biaxial loading.pdf:PDF},
  publisher = {Elsevier},
}

@Article{GeuzaineRemacle:2009,
  author    = {Geuzaine, Christophe and Remacle, Jean-Fran√ßois},
  title     = {{G}msh: {A} 3-{D} finite element mesh generator with built-in pre-and post-processing facilities},
  journal   = {{I}nternational {J}ournal for {N}umerical {M}ethods in {E}ngineering},
  year      = {2009},
  volume    = {79},
  number    = {11},
  pages     = {1309--1331},
  publisher = {Wiley Online Library},
}

@Article{GolDstein:1974aa,
  author        = {Gol'Dstein, R. V. and Salganik, R. L.},
  title         = {{B}rittle fracture of solids with arbitrary cracks},
  journal       = {{I}nternational {J}ournal of {F}racture},
  year          = {1974},
  volume        = {10},
  number        = {4},
  pages         = {507--523},
  date-added    = {2016-05-06 19:23:58 +0000},
  date-modified = {2016-05-06 19:24:28 +0000},
  publisher     = {Springer},
}

@Article{GoldmanLivneFineberg:2010,
  author    = {Goldman, Tamar and Livne, Ariel and Fineberg, Jay},
  title     = {{A}cquisition of {I}nertia by a {M}oving {C}rack},
  journal   = {{P}hys. {R}ev. {L}ett.},
  year      = {2010},
  volume    = {104},
  number    = {11},
  pages     = {114301},
  doi       = {10.1103/PhysRevLett.104.114301},
  file      = {:/home/TL0E122N/Documents/Rupture/Acquisition of Inertia by a Moving Crack.pdf:PDF},
  publisher = {American Physical Society},
  url       = {http://link.aps.org/doi/10.1103/PhysRevLett.104.114301},
}

@Article{Gray:2007aa,
  author        = {Gray, C. G. and Taylor, Edwin F},
  title         = {{W}hen action is not least},
  journal       = {{A}merican {J}ournal of {P}hysics},
  year          = {2007},
  volume        = {75},
  number        = {5},
  pages         = {434--458},
  date-added    = {2016-05-15 19:08:46 +0000},
  date-modified = {2016-05-15 19:08:56 +0000},
  publisher     = {American Association of Physics Teachers},
}

@Article{GregoireMaigreRethoreCombescure:2007,
  author  = {Gr√©goire, D. and Maigre, H. and R√©thor√©, J. and Combescure, A.},
  title   = {{D}ynamic crack propagation under mixed-mode loading -- {C}omparison between experiments and {X}-{FEM} simulations},
  journal = {{I}nternational {J}ournal of {S}olids and {S}tructures},
  year    = {2007},
  volume  = {44},
  number  = {20},
  pages   = {6517--6534},
  doi     = {10.1016/j.ijsolstr.2007.02.044},
  file    = {:/home/TL0E122N/Documents/Rupture/Dynamic crack propagation under mixed-mode loading.pdf:PDF},
  issn    = {0020-7683},
  url     = {http://www.sciencedirect.com/science/article/pii/S0020768307001126},
}

@Article{Griffith:1921,
  author        = {Griffith, Alan A},
  title         = {{T}he phenomena of rupture and flow in solids},
  journal       = {{P}hilosophical transactions of the {R}oyal {S}ociety of {L}ondon},
  year          = {1921},
  volume        = {221},
  pages         = {163--198},
  date-modified = {2015-06-01 21:36:45 +0000},
  publisher     = {JSTOR},
}

@InProceedings{Guilbaud:2015,
  author       = {Guilbaud, Daniel},
  title        = {{D}amage plastic model for concrete failure under impulsive loadings},
  booktitle    = {{COMPLAS} {XIII}: {P}roceedings of the {XIII} {I}nternational {C}onference on {C}omputational {P}lasticity: {F}undamentals and {A}pplications},
  year         = {2015},
  pages        = {1031--1042},
  organization = {CIMNE},
}

@Article{Gurtin:1964aa,
  author        = {Gurtin, Morton E},
  title         = {{V}ariational principles for linear elastodynamics},
  journal       = {{A}rchive for {R}ational {M}echanics and {A}nalysis},
  year          = {1964},
  volume        = {16},
  number        = {1},
  pages         = {34--50},
  date-added    = {2016-05-15 19:00:52 +0000},
  date-modified = {2016-05-15 19:01:10 +0000},
  publisher     = {Springer},
}

@Article{HaboussaGregoireElguedjMaigreCombescure:2011,
  author    = {Haboussa, D and Gr√©goire, David and Elguedj, Thomas and Maigre, Hubert and Combescure, Alain},
  title     = {{X}-{FEM} analysis of the effects of holes or other cracks on dynamic crack propagations},
  journal   = {{I}nternational {J}ournal for {N}umerical {M}ethods in {E}ngineering},
  year      = {2011},
  volume    = {86},
  number    = {4-5},
  pages     = {618--636},
  file      = {:/home/TL0E122N/Documents/Rupture/X-FEM analysis of the effects of holes or other cracks on dynamic crack propagations.pdf:PDF},
  publisher = {Wiley Online Library},
}

@Article{HakimKarma:2009,
  author     = {Hakim, Vincent and Karma, Alain},
  title      = {{L}aws of crack motion and phase-field models of fracture},
  journal    = {{J}ournal of the {M}echanics and {P}hysics of {S}olids},
  year       = {2009},
  volume     = {57},
  number     = {2},
  pages      = {342--368},
  bdsk-url-1 = {http://www.sciencedirect.com/science/article/pii/S0022509608001774},
  bdsk-url-2 = {http://dx.doi.org/10.1016/j.jmps.2008.10.012},
  doi        = {10.1016/j.jmps.2008.10.012},
  file       = {:/home/TL0E122N/Documents/Rupture/Laws of crack motion and phase-field models of fracture.pdf:PDF},
  issn       = {0022-5096},
  url        = {http://www.sciencedirect.com/science/article/pii/S0022509608001774},
}

@Article{HakimKarma:2005,
  author    = {Hakim, Vincent and Karma, Alain},
  title     = {{C}rack path prediction in anisotropic brittle materials},
  journal   = {{P}hysical {R}eview {L}etters},
  year      = {2005},
  volume    = {95},
  number    = {23},
  pages     = {235501},
  file      = {:home/TL0E122N/Bureau/Documents/Rupture/Crack path prediction in anisotropic brittle materials.pdf:PDF},
  publisher = {APS},
}

@Article{Halphen:1975aa,
  author        = {Halphen, Bernard and Nguyen, Quoc Son},
  title         = {{S}ur les mat√©riaux standard g√©n√©ralis√©s},
  journal       = {{J}ournal de {M}√©canique},
  year          = {1975},
  volume        = {14},
  pages         = {39--63},
  date-added    = {2016-05-09 19:18:44 +0000},
  date-modified = {2016-05-09 19:19:04 +0000},
}

@Article{Hamilton:1834,
  author        = {Hamilton, William Rowan},
  title         = {{O}n a general method in dynamics},
  journal       = {{P}hilosophical transactions of the {R}oyal {S}ociety of {L}ondon},
  year          = {1834},
  volume        = {124},
  pages         = {247--308},
  date-added    = {2015-05-31 09:50:18 +0000},
  date-modified = {2015-05-31 09:50:43 +0000},
  publisher     = {The Royal Society},
}

@Article{HeisterWheelerWick:2015,
  author  = {Heister, Timo and Wheeler, Mary F. and Wick, Thomas},
  title   = {{A} primal-dual active set method and predictor-corrector mesh adaptivity for computing fracture propagation using a phase-field approach},
  journal = {{C}omputer {M}ethods in {A}pplied {M}echanics and {E}ngineering},
  year    = {2015},
  volume  = {290},
  pages   = {466--495},
  doi     = {10.1016/j.cma.2015.03.009},
  issn    = {0045-7825},
  url     = {http://www.sciencedirect.com/science/article/pii/S0045782515001115},
}

@Article{Henry:2010,
  author    = {Henry, Herv√©},
  title     = {{S}tudy of three-dimensional crack fronts under plane stress using a phase field model},
  journal   = {{E}urophysics {L}etters},
  year      = {2010},
  volume    = {92},
  number    = {4},
  pages     = {46002},
  file      = {:home/TL0E122N/Bureau/Documents/Rupture/Study of three-dimensional crack fronts under plane stress using a phase field model.pdf:PDF},
  publisher = {IOP Publishing},
}

@Article{Henry:2008a,
  author  = {Henry, Herv√©},
  title   = {{S}tudy of the branching instability using a phase field model of inplane crack propagation},
  journal = {{E}urophysics {L}etters},
  year    = {2008},
  volume  = {83},
  number  = {1},
  pages   = {16004},
  file    = {:/home/TL0E122N/Documents/Rupture/Study of the branching instability using a phase field model of inplane crack propagation.pdf:PDF},
  url     = {http://stacks.iop.org/0295-5075/83/i=1/a=16004},
}

@Article{HenryAdda-Bedia:2013,
  author    = {Henry, H and Adda-Bedia, M},
  title     = {{F}ractographic aspects of crack branching instability using a phase-field model},
  journal   = {{P}hysical {R}eview {E}},
  year      = {2013},
  volume    = {88},
  number    = {6},
  pages     = {060401},
  publisher = {APS},
}

@PhdThesis{Hentz:2003,
  author = {Hentz, S.},
  title  = {{M}od√©lisation d'une structure en b√©ton arm√© soumise √† un choc par la m√©thode des √©l√©ments discrets sph√©riques},
  school = {Universit√© Joseph Fourier Grenoble},
  year   = {2003},
}

@Article{HentzDonzeDaudeville:2004,
  author    = {Hentz, S√©bastien and Donz√©, Fr√©d√©ric V and Daudeville, Laurent},
  title     = {{D}iscrete element modelling of concrete submitted to dynamic loading at high strain rates},
  journal   = {{C}omputers \& {S}tructures},
  year      = {2004},
  volume    = {82},
  number    = {29},
  pages     = {2509--2524},
  publisher = {Elsevier},
}

@Article{Herrera:1974aa,
  author        = {Herrera, Ismael and Bielak, Jacobo},
  title         = {{A} simplified version of {G}urtin's variational principles},
  journal       = {{A}rchive for {R}ational {M}echanics and {A}nalysis},
  year          = {1974},
  volume        = {53},
  number        = {2},
  pages         = {131--149},
  date-added    = {2016-05-15 19:19:03 +0000},
  date-modified = {2016-05-15 19:19:11 +0000},
  publisher     = {Springer},
}

@Article{HeschWeinberg:2014,
  author    = {Hesch, C. and Weinberg, K.loga},
  title     = {{T}hermodynamically consistent algorithms for a finite-deformation phase-field approach to fracture},
  journal   = {{I}nternational {J}ournal for {N}umerical {M}ethods in {E}ngineering},
  year      = {2014},
  volume    = {99},
  number    = {12},
  pages     = {906--924},
  file      = {:home/TL0E122N/Bureau/Documents/Rupture/Thermodynamically consistent algorithms for a finite-deformation phase-field approach to fracture.pdf:PDF},
  publisher = {Wiley Online Library},
}

@Article{Hintermuller:2011,
  author        = {Hinterm√ºller, Michael and Kovtunenko, Victor A},
  title         = {{F}rom shape variation to topological changes in constrained minimization: a velocity method-based concept},
  journal       = {{O}ptimization {M}ethods and {S}oftware},
  year          = {2011},
  volume        = {26},
  number        = {4-5},
  pages         = {513--532},
  date-added    = {2015-05-30 19:33:23 +0000},
  date-modified = {2015-05-30 19:33:53 +0000},
  publisher     = {Taylor \& Francis},
}

@Article{HofackerMiehe:2013,
  author    = {Hofacker, M. and Miehe, Christian},
  title     = {{A} phase field model of dynamic fracture: {R}obust field updates for the analysis of complex crack patterns},
  journal   = {{I}nternational {J}ournal for {N}umerical {M}ethods in {E}ngineering},
  year      = {2013},
  volume    = {93},
  number    = {3},
  pages     = {276--301},
  doi       = {10.1002/nme.4387},
  issn      = {1097-0207},
  publisher = {John Wiley \& Sons, Ltd},
  url       = {http://dx.doi.org/10.1002/nme.4387},
}

@Article{HofackerMiehe:2012,
  author  = {Hofacker, Martina and Miehe, Christian},
  title   = {{C}ontinuum phase field modeling of dynamic fracture: variational principles and staggered {FE} implementation},
  journal = {{I}nternational {J}ournal of {F}racture},
  year    = {2012},
  volume  = {178},
  number  = {1-2},
  pages   = {113--129},
  file    = {:/home/TL0E122N/Documents/Rupture/Continuum phase field modeling of dynamic fracture variational principles and staggered FE implementation.pdf:PDF},
}

@Article{HossainHsuehBourdinBhattachary:2014,
  author  = {Hossain, M. Z. and Hsueh, C.-J. and Bourdin, Blaise and Bhattacharya, K.},
  title   = {{E}ffective toughness of heterogeneous media},
  journal = {{J}ournal of the {M}echanics and {P}hysics of {S}olids},
  year    = {2014},
  volume  = {71},
  pages   = {15--32},
  doi     = {10.1016/j.jmps.2014.06.002},
  file    = {:/home/TL0E122N/Documents/Rupture/Effective toughness of heterogeneous media.pdf:PDF},
  issn    = {0022-5096},
  url     = {http://www.sciencedirect.com/science/article/pii/S0022509614001215},
}

@Book{Hughes:1987,
  title         = {{T}he {F}inite {E}lement {M}ethod: {L}inear {S}tatic and {D}ynamic {F}inite {E}lement {A}nalysis},
  publisher     = {Prentice-Hall},
  year          = {1987},
  author        = {Hughes, Thomas J.R.},
  address       = {Englewood Cliffs, New Jersey},
  date-modified = {2016-07-12 20:58:49 +0000},
  file          = {:home/TL0E122N/Bureau/Documents/Num√©rique/The Finite Element Method Linear Static and Dynamic Finite Element Analysis.pdf:PDF},
}

@Article{HughesHulbert:1988,
  author  = {Hughes, Thomas J.R. and Hulbert, Gregory M.},
  title   = {{S}pace-time finite element methods for elastodynamics: {F}ormulations and error estimates},
  journal = {{C}omputer {M}ethods in {A}pplied {M}echanics and {E}ngineering},
  year    = {1988},
  volume  = {66},
  number  = {3},
  pages   = {339--363},
  doi     = {10.1016/0045-7825(88)90006-0},
  issn    = {0045-7825},
  url     = {http://www.sciencedirect.com/science/article/pii/0045782588900060},
}

@Article{HughesTaylorSackmanCurnierKanoknukulchai:1976,
  author    = {Hughes, Thomas J.R. and Taylor, Robert L. and Sackman, Jerome L. and Curnier, Alain and Kanoknukulchai, Worsak},
  title     = {{A} finite element method for a class of contact-impact problems},
  journal   = {{C}omputer {M}ethods in {A}pplied {M}echanics and {E}ngineering},
  year      = {1976},
  volume    = {8},
  number    = {3},
  pages     = {249--276},
  file      = {:home/TL0E122N/Bureau/Documents/Num√©rique/A finite element method for a class of contact-impact problems.pdf:PDF},
  publisher = {Elsevier},
}

@InProceedings{Hussain:1974aa,
  author        = {Hussain, M. A. and Pu, S. L. and Underwood, J.},
  title         = {{S}train energy release rate for a crack under combined mode {I} and mode {II}},
  booktitle     = {{F}racture {A}nalysis: {P}roceedings of the 1973 {N}ational {S}ymposium on {F}racture {M}echanics, {P}art {II}},
  year          = {1974},
  organization  = {ASTM International},
  date-added    = {2016-05-06 19:20:11 +0000},
  date-modified = {2016-05-06 19:20:31 +0000},
}

@Article{Irwin:1957aa,
  author        = {Irwin, GR},
  title         = {{A}nalysis of {S}tresses and {S}trains {N}ear the {E}nd of a {C}rack {T}raversing a {P}late},
  journal       = {{J}ournal of {A}pplied {M}echanics},
  year          = {1957},
  volume        = {24},
  pages         = {361--364},
  date-added    = {2016-05-06 12:36:14 +0000},
  date-modified = {2016-05-06 12:37:06 +0000},
}

@Article{Jirasek:1998,
  author    = {Jirasek, Milan},
  title     = {{N}onlocal models for damage and fracture: comparison of approaches},
  journal   = {{I}nternational {J}ournal of {S}olids and {S}tructures},
  year      = {1998},
  volume    = {35},
  number    = {31-32},
  pages     = {4133--4145},
  publisher = {Elsevier},
}

@Article{Kachanov:1958,
  author  = {Kachanov, L. M.},
  title   = {{T}ime of the rupture process under creep conditions},
  journal = {{I}sv. {A}kad. {N}auk. {SSR}. {O}td {T}ekh. {N}auk},
  year    = {1958},
  volume  = {8},
  pages   = {26--31},
}

@Article{Kalthoff:2000,
  author    = {Kalthoff, Joerg F.},
  title     = {{M}odes of dynamic shear failure in solids},
  journal   = {{I}nternational {J}ournal of {F}racture},
  year      = {2000},
  volume    = {101},
  number    = {1-2},
  pages     = {1--31},
  doi       = {10.1023/A:1007647800529},
  file      = {:/home/TL0E122N/Documents/Rupture/Modes of dynamic shear failure in solids.pdf:PDF},
  issn      = {0376-9429},
  publisher = {Kluwer Academic Publishers},
  url       = {http://dx.doi.org/10.1023/A%3A1007647800529},
}

@Article{KarmaKesslerLevine:2001,
  author    = {Karma, Alain and Kessler, David A. and Levine, Herbert},
  title     = {{P}hase-{F}ield {M}odel of {M}ode {III} {D}ynamic {F}racture},
  journal   = {{P}hys. {R}ev. {L}ett.},
  year      = {2001},
  volume    = {87},
  number    = {4},
  pages     = {045501},
  month     = jul,
  doi       = {10.1103/PhysRevLett.87.045501},
  publisher = {American Physical Society},
  url       = {http://link.aps.org/doi/10.1103/PhysRevLett.87.045501},
}

@Article{KarmaLobkovsky:2004,
  author    = {Karma, Alain and Lobkovsky, Alexander E},
  title     = {{U}nsteady crack motion and branching in a phase-field model of brittle fracture},
  journal   = {{P}hysical {R}eview {L}etters},
  year      = {2004},
  volume    = {92},
  number    = {24},
  pages     = {245510},
  file      = {:/home/TL0E122N/Documents/Rupture/Unsteady Crack Motion and Branching in a Phase-Field Model of Brittle Fracture.pdf:PDF},
  publisher = {APS},
}

@Article{KatzavAdda-BediaArias:2007,
  author    = {Katzav, E. and Adda-Bedia, M. and Arias, R.},
  title     = {{T}heory of dynamic crack branching in brittle materials},
  journal   = {{I}nternational {J}ournal of {F}racture},
  year      = {2007},
  volume    = {143},
  number    = {3},
  pages     = {245--271},
  doi       = {10.1007/s10704-007-9061-x},
  file      = {:/home/TL0E122N/Documents/Rupture/Theory of dynamic crack branching in brittle materials.pdf:PDF},
  issn      = {0376-9429},
  language  = {English},
  publisher = {Kluwer Academic Publishers},
  url       = {http://dx.doi.org/10.1007/s10704-007-9061-x},
}

@Article{KhludnevSokolowskiSzulc:2010,
  author    = {Khludnev, Alexander and Soko≈Çowski, Jan and Szulc, Katarzyna},
  title     = {{S}hape and topological sensitivity analysis in domains with cracks},
  journal   = {{A}pplications of {M}athematics},
  year      = {2010},
  volume    = {55},
  number    = {6},
  pages     = {433--469},
  file      = {:/home/TL0E122N/Documents/Rupture/Shape and topological sensitivity analysis in domains with cracks.pdf:PDF},
  publisher = {Springer},
}

@Article{KhludnevKovtunenkoTani:2010,
  author    = {Khludnev, A. M. and Kovtunenko, V. A. and Tani, A.},
  title     = {{O}n the topological derivative due to kink of a crack with non-penetration. {A}nti-plane model},
  journal   = {{J}ournal de math√©matiques pures et appliqu√©es},
  year      = {2010},
  volume    = {94},
  number    = {6},
  pages     = {571--596},
  file      = {:/home/TL0E122N/Documents/Rupture/On the topological derivative due to kink of a crack with non-penetration.pdf:PDF},
  publisher = {Elsevier},
}

@Article{KhludnevKovtunenkoTani:2008,
  author    = {Khludnev, Alexander M. and Kovtunenko, Victor A. and Tani, Atusi},
  title     = {{E}volution of a crack with kink and non-penetration},
  journal   = {{J}ournal of the {M}athematical {S}ociety of {J}apan},
  year      = {2008},
  volume    = {60},
  number    = {4},
  pages     = {1219--1253},
  file      = {:/home/TL0E122N/Documents/Rupture/Evolution of a crack with kink and non-penetration.pdf:PDF},
  publisher = {Á§æÂõ£Ê≥ï‰∫∫ Êó•Êú¨Êï∞Â≠¶‰ºö},
}

@Article{KlinsmannRosatoKamlahMcMeeking:2015,
  author    = {Klinsmann, Markus and Rosato, Daniele and Kamlah, Marc and McMeeking, Robert M.},
  title     = {{A}n assessment of the phase field formulation for crack growth},
  journal   = {{C}omputer {M}ethods in {A}pplied {M}echanics and {E}ngineering},
  year      = {2015},
  volume    = {294},
  pages     = {313--330},
  file      = {:/home/TL0E122N/Documents/Rupture/An assessment of the phase field formulation for crack growth.pdf:PDF},
  publisher = {Elsevier},
}

@Article{KnaussRavi-Chandar:1985,
  author    = {Knauss, W. G . and Ravi-Chandar, K.},
  title     = {{S}ome basic problems in stress wave dominated fracture},
  journal   = {{I}nternational {J}ournal of {F}racture},
  year      = {1985},
  volume    = {27},
  number    = {3},
  pages     = {127--143},
  file      = {:home/TL0E122N/Documents/Rupture/Some basic problems in stress wave dominated fracture.pdf:PDF},
  publisher = {Springer},
}

@Article{Knyazev:2001,
  author    = {Knyazev, Andrew V.},
  title     = {{T}oward the optimal preconditioned eigensolver: {L}ocally optimal block preconditioned conjugate gradient method},
  journal   = {{SIAM} {J}ournal on {S}cientific {C}omputing},
  year      = {2001},
  volume    = {23},
  number    = {2},
  pages     = {517--541},
  file      = {:home/TL0E122N/Bureau/Documents/Num√©rique/Toward the optimal preconditioned eigensolver.pdf:PDF},
  publisher = {SIAM},
}

@Article{KolednikPredanShanSimhaFischer:2005,
  author    = {Kolednik, Otmar and Predan, Jo{\v{z}}ef and Shan, GX and Simha, NK and Fischer, FD},
  title     = {{O}n the fracture behavior of inhomogeneous materials--{A} case study for elastically inhomogeneous bimaterials},
  journal   = {{I}nternational {J}ournal of {S}olids and {S}tructures},
  year      = {2005},
  volume    = {42},
  number    = {2},
  pages     = {605--620},
  file      = {:/home/TL0E122N/Documents/Rupture/On the fracture behavior of inhomogeneous materials.pdf:PDF},
  publisher = {Elsevier},
}

@Article{KriegKey:1973,
  author    = {Krieg, Raymond D. and Key, Samuel W.},
  title     = {{T}ransient shell response by numerical time integration},
  journal   = {{I}nternational {J}ournal for {N}umerical {M}ethods in {E}ngineering},
  year      = {1973},
  volume    = {7},
  number    = {3},
  pages     = {273--286},
  file      = {:home/TL0E122N/Bureau/Documents/Num√©rique/Transient shell response by numerical time integration.pdf:PDF},
  publisher = {Wiley Online Library},
}

@Book{Kuhn:2013,
  title     = {{N}umerical and analytical investigation of a phase field model for fracture},
  publisher = {Techn. Univ., Lehrstuhl f√ºr Techn. Mechanik},
  year      = {2013},
  author    = {Kuhn, Charlotte},
  file      = {:home/TL0E122N/Bureau/Documents/Rupture/Numerical and analytical investigation of a phase field model for fracture.pdf:PDF},
}

@Article{KuhnMuller:2011,
  author  = {Kuhn, Charlotte and M√ºller, Ralf},
  title   = {{A} new finite element technique for a phase field model of brittle fracture},
  journal = {{J}ournal of {T}heoretical and {A}pplied {M}echanics},
  year    = {2011},
  volume  = {49},
  number  = {4},
  pages   = {1115--1133},
  file    = {:/home/TL0E122N/Documents/Rupture/A new finite element technique for a phase field model of brittle fracture.pdf:PDF},
}

@Article{KuhnMuller:2010,
  author  = {Kuhn, Charlotte and M√ºller, Ralf},
  title   = {{A} continuum phase field model for fracture},
  journal = {{E}ngineering {F}racture {M}echanics},
  year    = {2010},
  volume  = {77},
  number  = {18},
  pages   = {3625--3634},
  file    = {:/home/TL0E122N/Documents/Rupture/A continuum phase field model for fracture.pdf:PDF},
}

@Article{KuhnSchlueterMueller:2015,
  author        = {Kuhn, Charlotte and Schl√ºter, Alexander and M√ºller, Ralf},
  title         = {{O}n degradation functions in phase field fracture models},
  journal       = {{C}omputational {M}aterials {S}cience},
  year          = {2015},
  volume        = {108},
  pages         = {374--384},
  date-modified = {2016-05-21 19:11:08 +0000},
  file          = {:/home/TL0E122N/Documents/Rupture/On degradation functions in phase field fracture models.pdf:PDF},
  publisher     = {Elsevier},
}

@Article{KumarRao:2012,
  author        = {Kumar, Ch. Naga Satish and Rao, T.D. Gunneswara},
  title         = {{P}unching shear resistance of concrete slabs using mode-{II} fracture energy},
  journal       = {{E}ngineering {F}racture {M}echanics},
  year          = {2012},
  volume        = {83},
  pages         = {75--85},
  date-modified = {2015-06-01 20:28:40 +0000},
  doi           = {10.1016/j.engfracmech.2012.01.004},
  file          = {:/home/TL0E122N/Documents/Rupture/Punching shear resistance of concrete slabs using mode-II fracture energy.pdf:PDF},
  issn          = {0013-7944},
  url           = {http://www.sciencedirect.com/science/article/pii/S0013794412000240},
}

@Article{KupferGerstle:1973,
  author    = {Kupfer, Helmut B. and Gerstle, Kurt H.},
  title     = {{B}ehavior of concrete under biaxial stresses},
  journal   = {{J}ournal of the {E}ngineering {M}echanics {D}ivision},
  year      = {1973},
  volume    = {99},
  number    = {4},
  pages     = {853--866},
  publisher = {ASCE},
}

@Article{LancioniRoyer-Carfagni:2009,
  author        = {Lancioni, Giovanni and Royer-Carfagni, Gianni},
  title         = {{T}he {V}ariational {A}pproach to {F}racture {M}echanics. {A} {P}ractical {A}pplication to the {F}rench {P}anth√©on in {P}aris},
  journal       = {{J}ournal of {E}lasticity},
  year          = {2009},
  volume        = {95},
  number        = {1-2},
  pages         = {1--30},
  bdsk-url-1    = {http://dx.doi.org/10.1007/s10659-009-9189-1},
  date-modified = {2014-07-23 09:07:10 +0000},
  doi           = {10.1007/s10659-009-9189-1},
  file          = {:/home/TL0E122N/Documents/Rupture/The Variational Approach to Fracture Mechanics. A Practical Application to the French Panth√©on in Paris.pdf:PDF},
  issn          = {0374-3535},
  publisher     = {Springer Netherlands},
  url           = {http://dx.doi.org/10.1007/s10659-009-9189-1},
}

@InProceedings{Larsen:2010,
  author    = {Larsen, Christopher J.},
  title     = {{M}odels for dynamic fracture based on {G}riffith's criterion},
  booktitle = {{IUTAM} {S}ymposium on {V}ariational {C}oncepts with {A}pplications to the {M}echanics of {M}aterials},
  year      = {2010},
  pages     = {131--140},
  file      = {:/home/TL0E122N/Documents/Rupture/Models for dynamic fracture based on Griffith's criterion.pdf:PDF},
}

@Article{LarsenOrtnerSuli:2010,
  author  = {Larsen, Christopher J. and Ortner, Christoph and S√ºli, Endre},
  title   = {{E}xistence of {S}olutions to a {R}egularized {M}odel of {D}ynamic {F}racture},
  journal = {{M}athematical {M}odels and {M}ethods in {A}pplied {S}ciences},
  year    = {2010},
  volume  = {20},
  number  = {7},
  pages   = {1021--1048},
  file    = {:/home/TL0E122N/Documents/Rupture/Existence of Solutions to a Regularized Model of Dynamic Fracture.pdf:PDF},
}

@Article{LaverneMarigo:2004,
  author  = {Laverne, J√©r√¥me and Marigo, Jean-Jacques},
  title   = {{A}pproche globale, minima relatifs et crit√®re d'amor√ßage en m√©canique de la rupture},
  journal = {{C}omptes {R}endus {M}√©canique},
  year    = {2004},
  volume  = {332},
  number  = {4},
  pages   = {313--318},
  file    = {:/home/TL0E122N/Documents/Rupture/Approche globale, minima relatifs et crit√®re d'amor√ßage en m√©canique de la rupture.pdf:PDF},
}

@Article{LazzaroniBargelliniDumouchelMarigo:2012,
  author    = {Lazzaroni, Giuliano and Bargellini, Renaud and Dumouchel, Pierre-Emmanuel and Marigo, Jean-Jacques},
  title     = {{O}n the role of kinetic energy during unstable propagation in a heterogeneous peeling test},
  journal   = {{I}nternational {J}ournal of {F}racture},
  year      = {2012},
  volume    = {175},
  number    = {2},
  pages     = {127--150},
  doi       = {10.1007/s10704-012-9708-0},
  file      = {:/home/TL0E122N/Documents/Rupture/On the role of kinetic energy during unstable propagation in a heterogeneous peeling test.pdf:PDF;:/home/TL0E122N/Documents/Rupture/Dynamic fracture an example of convergence towards a discontinuous quasistatic solution.pdf:PDF},
  issn      = {0376-9429},
  language  = {English},
  publisher = {Springer Netherlands},
  url       = {http://dx.doi.org/10.1007/s10704-012-9708-0},
}

@InProceedings{LeMauriniMarigoVidoli:2015,
  author    = {Le, D. T. and Maurini, C. and Marigo, J.-J. and Vidoli, S.},
  title     = {{S}train-gradient vs. damage-gradient regularizations of damage models},
  booktitle = {{F}ourth {I}nternational {C}onference on {C}omputational {M}odeling of {F}racture and {F}ailure of {M}aterials and {S}tructures ({CFRAC}), {C}achan, {F}rance},
  year      = {2015},
}

@Article{LeeSongH:2004,
  author  = {Lee, Sang-Keun and Song, Young-Chul and Han, Sang-Hoon},
  title   = {{B}iaxial behavior of plain concrete of nuclear containment building},
  journal = {{N}uclear {E}ngineering and {D}esign},
  year    = {2004},
  volume  = {227},
  number  = {2},
  pages   = {143--153},
  doi     = {10.1016/j.nucengdes.2003.09.001},
  file    = {:/home/TL0E122N/Documents/Rupture/Biaxial behavior of plain concrete of nuclear containment building.pdf:PDF},
  issn    = {0029-5493},
  url     = {http://www.sciencedirect.com/science/article/pii/S002954930300253X},
}

@Article{LemaitreChaboche:1978,
  author  = {Lemaitre, J. and Chaboche, Jean-Louis},
  title   = {{A}spect ph√©nom√©nologique de la rupture par endommagement},
  journal = {{J}ournal de {M}√©canique {A}ppliqu√©e},
  year    = {1978},
  volume  = {2},
  number  = {3},
  pages   = {317--65},
}

@Article{Baldelli:2014,
  author        = {Le√≥n Baldelli, A. A. and Babadjian, J.-F. and Bourdin, B. and Henao, D. and Maurini, C.},
  title         = {{A} variational model for fracture and debonding of thin films under in-plane loadings},
  journal       = {{J}ournal of the {M}echanics and {P}hysics of {S}olids},
  year          = {2014},
  volume        = {70},
  pages         = {320--348},
  date-added    = {2015-01-16 08:08:38 +0000},
  date-modified = {2015-01-16 08:10:03 +0000},
  file          = {:home/TL0E122N/Bureau/Documents/Rupture/A variational model for fracture and debonding of thin films under in-plane loadings.pdf:PDF},
}

@Article{Baldelli:2013,
  author        = {Le√≥n Baldelli, Andr√©s Alessandro and Bourdin, Blaise and Marigo, Jean-Jacques and Maurini, Corrado},
  title         = {{F}racture and debonding of a thin film on a stiff substrate: analytical and numerical solutions of a one-dimensional variational model},
  journal       = {{C}ontinuum {M}echanics and {T}hermodynamics},
  year          = {2013},
  volume        = {25},
  number        = {2-4},
  pages         = {243--268},
  date-added    = {2015-05-30 13:21:48 +0000},
  date-modified = {2015-05-30 13:22:02 +0000},
  publisher     = {Springer},
}

@PhdThesis{ArmLeroux:2012,
  author = {Leroux, Armand},
  title  = {{M}od√®le multiaxial d'endommagement anisotrope : gestion num√©rique de la rupture et application √† la ruine de structures en b√©ton arm√© sous impacts},
  school = {√âcole normale sup√©rieure de Cachan},
  year   = {2012},
  file   = {:home/TL0E122N/Bureau/Documents/Rupture/Mod√®le multiaxial d'endommagement anisotrope.pdf:PDF},
}

@Article{LiZhang:2006,
  author    = {Li, J and Zhang, X. B.},
  title     = {{A} criterion study for non-singular stress concentrations in brittle or quasi-brittle materials},
  journal   = {{E}ngineering fracture mechanics},
  year      = {2006},
  volume    = {73},
  number    = {4},
  pages     = {505--523},
  file      = {:home/TL0E122N/Bureau/Documents/Rupture/A criterion study for non-singular stress concentrations.pdf:PDF},
  publisher = {Elsevier},
}

@Misc{LiMaurini:2015,
  author        = {Li, Tianyi},
  title         = {{FE}ni{CS} {D}ynamic {G}radient {D}amage},
  howpublished  = {\url{https://bitbucket.org/litianyi/dynamic-gradient-damage}},
  year          = {2015},
  note          = {Accessed on 1 May 2016},
  date-modified = {2016-05-22 08:41:59 +0000},
  journal       = {{B}itbucket repository},
}

@Article{LiMarigo:2016,
  author        = {Li, Tianyi and Marigo, Jean-Jacques},
  title         = {{C}rack {T}ip {E}quation of {M}otion in {D}ynamic {G}radient {D}amage {M}odels},
  journal       = {{J}ournal of {E}lasticity},
  year          = {2016},
  date-modified = {2016-07-27 12:54:15 +0000},
  doi           = {10.1007/s10659-016-9595-0},
}

@Article{Li:2016aa,
  author        = {Li, Tianyi and Marigo, Jean-Jacques and Guilbaud, Daniel and Potapov, Serguei},
  title         = {{N}umerical investigation of dynamic brittle fracture via gradient damage models},
  journal       = {{A}dvanced {M}odeling and {S}imulation in {E}ngineering {S}ciences},
  year          = {2016},
  volume        = {3},
  pages         = {26},
  date-added    = {2016-05-31 19:31:38 +0000},
  date-modified = {2016-07-27 12:54:29 +0000},
  doi           = {10.1186/s40323-016-0080-x},
  file          = {:home/TL0E122N/Documents/Rupture/Numerical investigation of dynamic brittle fracture via gradient damage models.pdf:PDF},
}

@Article{LiMarigoGuilbaudPotapov:2016,
  author  = {Li, Tianyi and Marigo, Jean-Jacques and Guilbaud, Daniel and Potapov, Serguei},
  title   = {{G}radient damage modeling of brittle fracture in an explicit dynamics context},
  journal = {{I}nternational {J}ournal for {N}umerical {M}ethods in {E}ngineering},
  year    = {2016},
  doi     = {10.1002/nme.5262},
}

@Article{LiMarigoGuilbaudPotapov:2015,
  author  = {Li, Tianyi and Marigo, Jean-Jacques and Guilbaud, Daniel and Potapov, Serguei},
  title   = {{V}ariational {A}pproach to {D}ynamic {B}rittle {F}racture via {G}radient {D}amage {M}odels},
  journal = {{A}pplied {M}echanics and {M}aterials},
  year    = {2015},
  volume  = {784},
  pages   = {334--341},
  doi     = {10.4028/www.scientific.net/AMM.784.334},
  file    = {:/home/TL0E122N/Documents/Rupture/Variational Approach to Dynamic Brittle Fracture via Gradient Damage Models.pdf:PDF},
}

@Article{LiebeSteinmannBenallal:2001,
  author     = {Liebe, T. and Steinmann, P. and Benallal, Ahmed},
  title      = {{T}heoretical and computational aspects of a thermodynamically consistent framework for geometrically linear gradient damage},
  journal    = {{C}omputer {M}ethods in {A}pplied {M}echanics and {E}ngineering},
  year       = {2001},
  volume     = {190},
  number     = {49-50},
  pages      = {6555--6576},
  bdsk-url-1 = {http://www.sciencedirect.com/science/article/pii/S004578250100250X},
  bdsk-url-2 = {http://dx.doi.org/10.1016/S0045-7825(01)00250-X},
  doi        = {10.1016/S0045-7825(01)00250-X},
  file       = {:/home/TL0E122N/Documents/Rupture/Theoretical and computational aspects of a thermodynamically consistent framework for geometrically linear gradient damage.pdf:PDF},
  issn       = {0045-7825},
  url        = {http://www.sciencedirect.com/science/article/pii/S004578250100250X},
}

@Book{Lilliu:2007,
  title     = {3{D} {A}nalysis of {F}racture {P}rocesses in {C}oncrete},
  publisher = {Eburon},
  year      = {2007},
  author    = {Lilliu, Giovanna},
}

@Article{LivneBen-DavidFineberg:2007,
  author    = {Livne, Ariel and Ben-David, Oded and Fineberg, Jay},
  title     = {{O}scillations in {R}apid {F}racture},
  journal   = {{P}hysical {R}eview {L}etters},
  year      = {2007},
  volume    = {98},
  number    = {12},
  pages     = {124301},
  doi       = {10.1103/PhysRevLett.98.124301},
  file      = {:home/TL0E122N/Bureau/Documents/Rupture/Oscillations in Rapid Fracture.pdf:PDF},
  publisher = {American Physical Society},
  url       = {http://link.aps.org/doi/10.1103/PhysRevLett.98.124301},
}

@PhdThesis{Lorentz:2008,
  author = {Lorentz, Eric},
  title  = {{M}od√©lisation et simulation num√©rique de l'endommagement des structures},
  school = {Universit√© Pierre et Marie Curie},
  year   = {2008},
  type   = {Habilitation √† diriger des recherches},
  file   = {:home/TL0E122N/Documents/Rupture/Mod√©lisation et simulation num√©rique de l'endommagement des structures.pdf:PDF},
}

@Article{LorentzAndrieux:2003,
  author     = {Lorentz, Eric and Andrieux, S.},
  title      = {{A}nalysis of non-local models through energetic formulations},
  journal    = {{I}nternational {J}ournal of {S}olids and {S}tructures},
  year       = {2003},
  volume     = {40},
  number     = {12},
  pages      = {2905--2936},
  bdsk-url-1 = {http://www.sciencedirect.com/science/article/pii/S0020768303001100},
  bdsk-url-2 = {http://dx.doi.org/10.1016/S0020-7683(03)00110-0},
  doi        = {10.1016/S0020-7683(03)00110-0},
  file       = {:/home/TL0E122N/Documents/Rupture/Analysis of non-local models through energetic formulations.pdf:PDF},
  issn       = {0020-7683},
  url        = {http://www.sciencedirect.com/science/article/pii/S0020768303001100},
}

@Article{LorentzAndrieux:1999,
  author     = {Lorentz, Eric and Andrieux, S.},
  title      = {{A} variational formulation for nonlocal damage models},
  journal    = {{I}nternational {J}ournal of {P}lasticity},
  year       = {1999},
  volume     = {15},
  number     = {2},
  pages      = {119--138},
  bdsk-url-1 = {http://www.sciencedirect.com/science/article/pii/S0749641998000576},
  bdsk-url-2 = {http://dx.doi.org/10.1016/S0749-6419(98)00057-6},
  doi        = {10.1016/S0749-6419(98)00057-6},
  file       = {:/home/TL0E122N/Documents/Rupture/A variational formulation for nonlocal damage models.pdf:PDF},
  issn       = {0749-6419},
  url        = {http://www.sciencedirect.com/science/article/pii/S0749641998000576},
}

@Article{LorentzBenallal:2005,
  author     = {Lorentz, Eric and Benallal, Ahmed},
  title      = {{G}radient constitutive relations: numerical aspects and application to gradient damage},
  journal    = {{C}omputer {M}ethods in {A}pplied {M}echanics and {E}ngineering},
  year       = {2005},
  volume     = {194},
  number     = {50-52},
  pages      = {5191--5220},
  bdsk-url-1 = {http://www.sciencedirect.com/science/article/pii/S0045782505000307},
  bdsk-url-2 = {http://dx.doi.org/10.1016/j.cma.2004.12.016},
  doi        = {10.1016/j.cma.2004.12.016},
  file       = {:/home/TL0E122N/Documents/Rupture/Gradient constitutive relations numerical aspects and application to gradient damage.pdf:PDF},
  issn       = {0045-7825},
  url        = {http://www.sciencedirect.com/science/article/pii/S0045782505000307},
}

@Article{LorentzCuvilliezKazymyrenko:2012,
  author  = {Lorentz, Eric and Cuvilliez, Sam and Kazymyrenko, Kyrylo},
  title   = {{M}odelling large crack propagation: from gradient damage to cohesive zone models},
  journal = {{I}nternational {J}ournal of {F}racture},
  year    = {2012},
  volume  = {178},
  number  = {1-2},
  pages   = {85--95},
  file    = {:/home/TL0E122N/Documents/Rupture/Modelling large crack propagation from gradient damage to cohesive zone models.pdf:PDF},
}

@Article{LorentzCuvilliezKazymyrenko:2011,
  author        = {Lorentz, Eric and Cuvilliez, S. and Kazymyrenko, K.},
  title         = {{C}onvergence of a gradient damage model toward a cohesive zone model},
  journal       = {{C}omptes {R}endus {M}√©canique},
  year          = {2011},
  volume        = {339},
  number        = {1},
  pages         = {20--26},
  bdsk-url-1    = {http://www.sciencedirect.com/science/article/pii/S1631072110001671},
  bdsk-url-2    = {http://dx.doi.org/10.1016/j.crme.2010.10.010},
  date-modified = {2015-06-01 20:28:48 +0000},
  doi           = {10.1016/j.crme.2010.10.010},
  file          = {:/home/TL0E122N/Documents/Rupture/Convergence of a gradient damage model toward a cohesive zone model.pdf:PDF},
  issn          = {1631-0721},
  url           = {http://www.sciencedirect.com/science/article/pii/S1631072110001671},
}

@Article{LorentzGodard:2011,
  author     = {Lorentz, Eric and Godard, V.},
  title      = {{G}radient damage models: {T}oward full-scale computations},
  journal    = {{C}omputer {M}ethods in {A}pplied {M}echanics and {E}ngineering},
  year       = {2011},
  volume     = {200},
  number     = {21-22},
  pages      = {1927--1944},
  bdsk-url-1 = {http://www.sciencedirect.com/science/article/pii/S0045782510001921},
  bdsk-url-2 = {http://dx.doi.org/10.1016/j.cma.2010.06.025},
  doi        = {10.1016/j.cma.2010.06.025},
  file       = {:/home/TL0E122N/Documents/Rupture/Gradient damage models Toward full-scale computations.pdf:PDF},
  issn       = {0045-7825},
  url        = {http://www.sciencedirect.com/science/article/pii/S0045782510001921},
}

@Article{LorentzKazymyrenko:2014,
  author    = {Lorentz, E. and Kazymyrenko, K.},
  title     = {{A}pplication of a nonlocal damage law to model concrete fracture},
  journal   = {{C}omputational {M}odelling of {C}oncrete {S}tructures},
  year      = {2014},
  pages     = {209--217},
  publisher = {CRC Press},
}

@Article{MalickSendov:2006,
  author    = {Malick, J√©r√¥me and Sendov, Hristo S.},
  title     = {{C}larke generalized {J}acobian of the projection onto the cone of positive semidefinite matrices},
  journal   = {{S}et-{V}alued {A}nalysis},
  year      = {2006},
  volume    = {14},
  number    = {3},
  pages     = {273--293},
  file      = {:home/TL0E122N/Documents/Maths/Clarke generalized Jacobian of the projection onto the cone of positive semidefinite matrices.pdf:PDF},
  publisher = {Springer},
}

@Article{MarderGross:1995,
  author  = {Marder, M. and Gross, Steve},
  title   = {{O}rigin of crack tip instabilities},
  journal = {{J}ournal of the {M}echanics and {P}hysics of {S}olids},
  year    = {1995},
  volume  = {43},
  number  = {1},
  pages   = {1--48},
  doi     = {10.1016/0022-5096(94)00060-I},
  issn    = {0022-5096},
  url     = {http://www.sciencedirect.com/science/article/pii/002250969400060I},
}

@Article{Marigo:2010,
  author     = {Marigo, Jean-Jacques},
  title      = {{I}nitiation of {C}racks in {G}riffith's {T}heory: {A}n {A}rgument of {C}ontinuity in {F}avor of {G}lobal {M}inimization},
  journal    = {{J}ournal of {N}onlinear {S}cience},
  year       = {2010},
  volume     = {20},
  number     = {6},
  pages      = {831--868},
  bdsk-url-1 = {http://dx.doi.org/10.1007/s00332-010-9074-x},
  doi        = {10.1007/s00332-010-9074-x},
  file       = {:/home/TL0E122N/Documents/Rupture/Initiation of cracks in Griffith's theory an argument of continuity in favor of global minimization.pdf:PDF},
  issn       = {0938-8974},
  language   = {English},
  publisher  = {Springer-Verlag},
  url        = {http://dx.doi.org/10.1007/s00332-010-9074-x},
}

@InBook{Marigo:2002,
  pages     = {289--300},
  title     = {{F}rom {C}lausius-{D}uhem and {D}rucker-{I}lyushin inequalities to standard materials},
  publisher = {G√©rard A. Maugin, Raymonde Drouot and Fran√ßois Sidoroff},
  year      = {2002},
  author    = {Marigo, Jean-Jacques},
  booktitle = {{C}ontinuum {T}hermomechanics: {T}he {A}rt and {S}cience of {M}odelling {M}aterial {B}ehaviour},
}

@Manual{Marigo:2000,
  title        = {{L}'endommagement et la rupture : hier, aujourd'hui et demain},
  author       = {Marigo, Jean-Jacques},
  organization = {Laboratoire des Propri√©t√©s M√©caniques et Thermodynamiques des Mat√©riaux},
  year         = {2000},
  file         = {:/home/TL0E122N/Documents/Rupture/L'endommagement et la rupture.pdf:PDF},
}

@Article{Marigo:1981,
  author  = {Marigo, Jean-Jacques},
  title   = {{F}ormulation d'une loi d'endommagement d'un mat√©riau √©lastique},
  journal = {{C}ompte-rendu de l'{A}cad√©mie des {S}ciences {S}√©rie 2},
  year    = {1981},
  volume  = {292},
  number  = {19},
  pages   = {1309--1312},
  file    = {:/home/TL0E122N/Documents/Rupture/Formulation d'une loi d'endommagement d'un mat√©riau √©lastique.pdf:PDF},
}

@Manual{MarigoMaurini:2013,
  title  = {{G}radient damage models: construction and fundamental properties},
  author = {Marigo, Jean-Jacques and Maurini, Corrado},
  year   = {2013},
  file   = {:/home/TL0E122N/Documents/Rupture/Gradient damage models construction and fundamental properties.pdf:PDF},
}

@Article{MasoLazzaroni:2010,
  author     = {Maso, Gianni Dal and Lazzaroni, Giuliano},
  title      = {{Q}uasistatic crack growth in finite elasticity with non-interpenetration},
  journal    = {{A}nnales de l'{I}nstitut {H}enri {P}oincare ({C}) {N}on {L}inear {A}nalysis},
  year       = {2010},
  volume     = {27},
  number     = {1},
  pages      = {257--290},
  bdsk-url-1 = {http://www.sciencedirect.com/science/article/pii/S0294144909000870},
  bdsk-url-2 = {http://dx.doi.org/10.1016/j.anihpc.2009.09.006},
  doi        = {10.1016/j.anihpc.2009.09.006},
  file       = {:/home/TL0E122N/Documents/Rupture/Quasistatic crack growth in finite elasticity with non interpenetration.pdf:PDF},
  issn       = {0294-1449},
  url        = {http://www.sciencedirect.com/science/article/pii/S0294144909000870},
}

@PhdThesis{Masurel:2015,
  author = {Masurel, Aurelien},
  title  = {{N}umerical modelling by a mixed {D}iscrete {E}lements/{F}inite {E}lements approach of the damage of a reinforced concrete structure subjected to a severe impact loading},
  school = {Universit√© Grenoble Alpes},
  year   = {2015},
  url    = {https://tel.archives-ouvertes.fr/tel-01171020},
}

@Article{Maugin:1994,
  author    = {Maugin, G.A.},
  title     = {{O}n the {$J$}-integral and energy-release rates in dynamical fracture},
  journal   = {{A}cta {M}echanica},
  year      = {1994},
  volume    = {105},
  number    = {1-4},
  pages     = {33--47},
  doi       = {10.1007/BF01183940},
  file      = {:/home/TL0E122N/Documents/Rupture/On the J-integral and energy-release rates in dynamical fracture.pdf:PDF},
  issn      = {0001-5970},
  language  = {English},
  publisher = {Springer-Verlag},
  url       = {http://dx.doi.org/10.1007/BF01183940},
}

@PhdThesis{Maurini:2014,
  author = {Maurini, Corrado},
  title  = {{E}quilibrium and stability of mechanical structures: {F}rom fracture to multistable shells},
  school = {Universit√© Pierre et Marie Curie},
  year   = {2014},
  type   = {Habilitation √† diriger des recherches},
  file   = {:home/TL0E122N/Documents/Rupture/Equilibrium and stability of mechanical structures\: From fracture to multistable shells.pdf:PDF},
}

@Article{MauriniBourdinGauthierLazarus:2013,
  author     = {Maurini, C. and Bourdin, B. and Gauthier, G. and Lazarus, V.},
  title      = {{C}rack patterns obtained by unidirectional drying of a colloidal suspension in a capillary tube: experiments and numerical simulations using a two-dimensional variational approach},
  journal    = {{I}nternational {J}ournal of {F}racture},
  year       = {2013},
  volume     = {184},
  number     = {1-2},
  pages      = {75--91},
  bdsk-url-1 = {http://dx.doi.org/10.1007/s10704-013-9824-5},
  doi        = {10.1007/s10704-013-9824-5},
  file       = {:/home/TL0E122N/Documents/Rupture/Crack patterns obtained by unidirectional drying of a colloidal suspension in a capillary tube.pdf:PDF},
  issn       = {0376-9429},
  language   = {English},
  publisher  = {Springer Netherlands},
  url        = {http://dx.doi.org/10.1007/s10704-013-9824-5},
}

@Article{MayVignolletBorst:2015,
  author  = {May, Stefan and Vignollet, Julien and de Borst, Ren√©},
  title   = {{A} numerical assessment of phase-field models for brittle and cohesive fracture: {$\Gamma$}-convergence and stress oscillations},
  journal = {{E}uropean {J}ournal of {M}echanics - {A}/{S}olids},
  year    = {2015},
  volume  = {52},
  pages   = {72--84},
  doi     = {10.1016/j.euromechsol.2015.02.002},
  file    = {:/home/TL0E122N/Documents/Rupture/A numerical assessment of phase-field models for brittle and cohesive fracture.pdf:PDF},
  issn    = {0997-7538},
  url     = {http://www.sciencedirect.com/science/article/pii/S0997753815000157},
}

@Book{Mecanique:2015,
  title     = {{L}ivre {B}lanc de la {R}echerche en {M}√©canique},
  publisher = {EDP Sciences},
  year      = {2015},
  author    = {de M√©canique, Association Fran√ßaise},
  file      = {:/home/TL0E122N/Documents/MMC/Livre blanc 2015.pdf:PDF},
}

@Article{MenouillardRethoreCombescureBung:2006,
  author    = {Menouillard, T. and R√©thor√©, J. and Combescure, A. and Bung, H.},
  title     = {{E}fficient explicit time stepping for the e{X}tended {F}inite {E}lement {M}ethod ({X}-{FEM})},
  journal   = {{I}nternational {J}ournal for {N}umerical {M}ethods in {E}ngineering},
  year      = {2006},
  volume    = {68},
  number    = {9},
  pages     = {911--939},
  doi       = {10.1002/nme.1718},
  file      = {:/home/TL0E122N/Documents/XFEM/Efficient explicit time stepping for the eXtended Finite Element Method.pdf:PDF},
  issn      = {1097-0207},
  publisher = {John Wiley \& Sons, Ltd.},
  url       = {http://dx.doi.org/10.1002/nme.1718},
}

@Article{MesgarnejadBourdinKhonsari:2014,
  author  = {Mesgarnejad, A. and Bourdin, Blaise and Khonsari, M. M.},
  title   = {{V}alidation simulations for the variational approach to fracture},
  journal = {{C}omputer {M}ethods in {A}pplied {M}echanics and {E}ngineering},
  year    = {2015},
  volume  = {290},
  pages   = {420--437},
  doi     = {10.1016/j.cma.2014.10.052},
  file    = {:home/TL0E122N/Bureau/Documents/Rupture/Validation simulations for the variational approach to fracture.pdf:PDF},
  issn    = {0045-7825},
  url     = {http://www.sciencedirect.com/science/article/pii/S004578251400423X},
}

@Article{MesgarnejadBourdinKhonsari:2013,
  author     = {Mesgarnejad, A. and Bourdin, Blaise and Khonsari, M. M.},
  title      = {{A} variational approach to the fracture of brittle thin films subject to out-of-plane loading},
  journal    = {{J}ournal of the {M}echanics and {P}hysics of {S}olids},
  year       = {2013},
  volume     = {61},
  number     = {11},
  pages      = {2360--2379},
  bdsk-url-1 = {http://www.sciencedirect.com/science/article/pii/S0022509613000902},
  bdsk-url-2 = {http://dx.doi.org/10.1016/j.jmps.2013.05.001},
  doi        = {10.1016/j.jmps.2013.05.001},
  file       = {:/home/TL0E122N/Documents/Rupture/A variational approach to the fracture of brittle thin films subject to out-of-plane loading.pdf:PDF},
  issn       = {0022-5096},
  url        = {http://www.sciencedirect.com/science/article/pii/S0022509613000902},
}

@Article{MieheHofackerSchaenzelAldakheel:2015,
  author  = {Miehe, Christian and Hofacker, M. and Sch√§nzel, L.-M. and Aldakheel, F.},
  title   = {{P}hase field modeling of fracture in multi-physics problems. {P}art {II}. {C}oupled brittle-to-ductile failure criteria and crack propagation in thermo-elastic-plastic solids},
  journal = {{C}omputer {M}ethods in {A}pplied {M}echanics and {E}ngineering},
  year    = {2015},
  volume  = {294},
  pages   = {486--522},
  doi     = {10.1016/j.cma.2014.11.017},
  file    = {:home/TL0E122N/Documents/Rupture/Phase field modeling of fracture in multi-physics problems II.pdf:PDF},
  issn    = {0045-7825},
  url     = {http://www.sciencedirect.com/science/article/pii/S0045782514004435},
}

@Article{MieheHofackerWelschinger:2010,
  author     = {Miehe, Christian and Hofacker, Martina and Welschinger, Fabian},
  title      = {{A} phase field model for rate-independent crack propagation: {R}obust algorithmic implementation based on operator splits},
  journal    = {{C}omputer {M}ethods in {A}pplied {M}echanics and {E}ngineering},
  year       = {2010},
  volume     = {199},
  number     = {45-48},
  pages      = {2765--2778},
  bdsk-url-1 = {http://www.sciencedirect.com/science/article/pii/S0045782510001283},
  bdsk-url-2 = {http://dx.doi.org/10.1016/j.cma.2010.04.011},
  doi        = {10.1016/j.cma.2010.04.011},
  file       = {:/home/TL0E122N/Documents/Rupture/A phase field model for rate-independent crack propagation.pdf:PDF},
  issn       = {0045-7825},
  url        = {http://www.sciencedirect.com/science/article/pii/S0045782510001283},
}

@Article{MieheSchaenzel:2014,
  author    = {Miehe, Christian and Sch√§nzel, Lisa-Marie},
  title     = {{P}hase field modeling of fracture in rubbery polymers. {P}art {I}: {F}inite elasticity coupled with brittle failure},
  journal   = {{J}ournal of the {M}echanics and {P}hysics of {S}olids},
  year      = {2014},
  volume    = {65},
  pages     = {93--113},
  file      = {:home/TL0E122N/Documents/Rupture/Phase field modeling of fracture in rubbery polymers.pdf:PDF},
  publisher = {Elsevier},
}

@Article{MieheSchaenzelUlmer:2015,
  author  = {Miehe, Christian and Sch√§nzel, Lisa-Marie and Ulmer, Heike},
  title   = {{P}hase field modeling of fracture in multi-physics problems. {P}art {I}. {B}alance of crack surface and failure criteria for brittle crack propagation in thermo-elastic solids},
  journal = {{C}omputer {M}ethods in {A}pplied {M}echanics and {E}ngineering},
  year    = {2015},
  volume  = {294},
  pages   = {449--485},
  doi     = {10.1016/j.cma.2014.11.016},
  file    = {:home/TL0E122N/Documents/Rupture/Phase field modeling of fracture in multi-physics problems I.pdf:PDF},
  issn    = {0045-7825},
  url     = {http://www.sciencedirect.com/science/article/pii/S0045782514004423},
}

@Article{MieheWelschingerHofacker:2010,
  author     = {Miehe, Christian and Welschinger, Fabian and Hofacker, Martina},
  title      = {{T}hermodynamically consistent phase-field models of fracture: {V}ariational principles and multi-field {FE} implementations},
  journal    = {{I}nternational {J}ournal for {N}umerical {M}ethods in {E}ngineering},
  year       = {2010},
  volume     = {83},
  number     = {10},
  pages      = {1273--1311},
  bdsk-url-1 = {http://dx.doi.org/10.1002/nme.2861},
  doi        = {10.1002/nme.2861},
  file       = {:/home/TL0E122N/Documents/Rupture/Thermodynamically consistent phase-field models of fracture.pdf:PDF},
  issn       = {1097-0207},
  publisher  = {John Wiley \& Sons, Ltd.},
  url        = {http://dx.doi.org/10.1002/nme.2861},
}

@Article{Mielke:2005,
  author        = {Mielke, Alexander},
  title         = {{E}volution of rate-independent systems},
  journal       = {{E}volutionary equations},
  year          = {2005},
  volume        = {2},
  pages         = {461--559},
  date-added    = {2015-05-30 14:49:16 +0000},
  date-modified = {2015-05-30 14:49:24 +0000},
}

@Article{Moes:1999aa,
  author        = {Mo√´s, Nicolas and Dolbow, John and Belytschko, Ted},
  title         = {{A} finite element method for crack growth without remeshing},
  journal       = {{I}nternational {J}ournal for {N}umerical {M}ethods in {E}ngineering},
  year          = {1999},
  volume        = {46},
  number        = {1},
  pages         = {131--150},
  date-added    = {2016-05-06 15:40:26 +0000},
  date-modified = {2016-05-06 15:41:08 +0000},
  doi           = {10.1002/(SICI)1097-0207(19990910)46:1<131::AID-NME726>3.0.CO;2-J},
  issn          = {1097-0207},
  publisher     = {John Wiley \& Sons, Ltd.},
  url           = {http://dx.doi.org/10.1002/(SICI)1097-0207(19990910)46:1<131::AID-NME726>3.0.CO;2-J},
}

@Article{MoesStolzBernardChevaugeon:2011,
  author    = {Mo√´s, N. and Stolz, C. and Bernard, P.-E. and Chevaugeon, N.},
  title     = {{A} level set based model for damage growth: {T}he thick level set approach},
  journal   = {{I}nternational {J}ournal for {N}umerical {M}ethods in {E}ngineering},
  year      = {2011},
  volume    = {86},
  number    = {3},
  pages     = {358--380},
  doi       = {10.1002/nme.3069},
  issn      = {1097-0207},
  publisher = {John Wiley \& Sons, Ltd.},
  url       = {http://dx.doi.org/10.1002/nme.3069},
}

@Article{MoesStolzChevaugeon:2014,
  author        = {Mo√´s, Nicolas and Stolz, Claude and Chevaugeon, Nicolas},
  title         = {{C}oupling local and non-local damage evolutions with the {T}hick {L}evel {S}et model},
  journal       = {{A}dvanced {M}odeling and {S}imulation in {E}ngineering {S}ciences},
  year          = {2014},
  volume        = {2},
  pages         = {16},
  date-modified = {2015-06-01 20:28:26 +0000},
  doi           = {10.1186/s40323-014-0016-2},
}

@Article{MoreToraldo:1991,
  author  = {Mor√©, J. and Toraldo, G.},
  title   = {{O}n the {S}olution of {L}arge {Q}uadratic {P}rogramming {P}roblems with {B}ound {C}onstraints},
  journal = {{SIAM} {J}ournal on {O}ptimization},
  year    = {1991},
  volume  = {1},
  number  = {1},
  pages   = {93--113},
}

@PhdThesis{Moreau:2014,
  author = {Moreau, K√©vin},
  title  = {{N}umerical simulation using the thick level set approach of low velocity impact on energetic materials},
  school = {Ecole Centrale de Nantes},
  year   = {2014},
  file   = {:home/TL0E122N/Bureau/Documents/Rupture/Simulation num√©rique par une approche level set √©paisse de l'impact √† basse vitesse sur mat√©riaux √©nerg√©tiques.pdf:PDF},
  url    = {https://tel.archives-ouvertes.fr/tel-01130367},
}

@Article{MoreauMoesPicartStainier:2015,
  author  = {Moreau, K. and Mo√´s, N. and Picart, D. and Stainier, L.},
  title   = {{E}xplicit dynamics with a non-local damage model using the thick level set approach},
  journal = {{I}nternational {J}ournal for {N}umerical {M}ethods in {E}ngineering},
  year    = {2015},
  volume  = {102},
  number  = {3-4},
  pages   = {808--838},
  doi     = {10.1002/nme.4824},
  file    = {:/home/TL0E122N/Documents/XFEM/Explicit dynamics with a non-local damage model using the thick level set approach.pdf:PDF},
  issn    = {1097-0207},
  url     = {http://dx.doi.org/10.1002/nme.4824},
}

@Article{Mott:1947,
  author        = {Mott, N. F.},
  title         = {{B}rittle fracture in mild steel plates},
  journal       = {{E}ngineering},
  year          = {1947},
  volume        = {165},
  pages         = {16--18},
  date-added    = {2016-04-28 19:26:23 +0000},
  date-modified = {2016-04-28 19:27:10 +0000},
}

@Article{Mumford:1989aa,
  author        = {Mumford, David and Shah, Jayant},
  title         = {{O}ptimal approximations by piecewise smooth functions and associated variational problems},
  journal       = {{C}ommunications on {P}ure and {A}pplied {M}athematics},
  year          = {1989},
  volume        = {42},
  number        = {5},
  pages         = {577--685},
  date-added    = {2016-05-08 12:51:32 +0000},
  date-modified = {2016-05-08 12:51:40 +0000},
  doi           = {10.1002/cpa.3160420503},
  issn          = {1097-0312},
  publisher     = {Wiley Subscription Services, Inc., A Wiley Company},
  url           = {http://dx.doi.org/10.1002/cpa.3160420503},
}

@Article{NakamuraShihFreund:1985,
  author    = {Nakamura, T. and Shih, C.F. and Freund, L.B.},
  title     = {{C}omputational methods based on an energy integral in dynamic fracture},
  journal   = {{I}nternational {J}ournal of {F}racture},
  year      = {1985},
  volume    = {27},
  number    = {3-4},
  pages     = {229--243},
  doi       = {10.1007/BF00017970},
  issn      = {0376-9429},
  language  = {English},
  publisher = {Kluwer Academic Publishers},
}

@Article{Negri:2013,
  author     = {Negri, Matteo},
  title      = {{F}rom phase field to sharp cracks: {C}onvergence of quasi-static evolutions in a special setting},
  journal    = {{A}pplied {M}athematics {L}etters},
  year       = {2013},
  volume     = {26},
  number     = {2},
  pages      = {219--224},
  bdsk-url-1 = {http://www.sciencedirect.com/science/article/pii/S0893965912004004},
  bdsk-url-2 = {http://dx.doi.org/10.1016/j.aml.2012.08.016},
  doi        = {10.1016/j.aml.2012.08.016},
  file       = {:/home/TL0E122N/Documents/Rupture/From phase field to sharp cracks Convergence of quasi-static evolutions in a special setting.pdf:PDF},
  issn       = {0893-9659},
  url        = {http://www.sciencedirect.com/science/article/pii/S0893965912004004},
}

@Article{Negri:2010aa,
  author        = {Negri, Matteo},
  title         = {{A} comparative analysis on variational models for quasi-static brittle crack propagation},
  journal       = {{A}dvances in {C}alculus of {V}ariations},
  year          = {2010},
  volume        = {3},
  number        = {2},
  pages         = {149--212},
  date-added    = {2016-05-08 10:15:55 +0000},
  date-modified = {2016-05-08 10:16:02 +0000},
}

@Article{Negri:2007aa,
  author        = {Negri, Matteo},
  title         = {{C}onvergence analysis for a smeared crack approach in brittle fracture},
  journal       = {{I}nterfaces and {F}ree {B}oundaries},
  year          = {2007},
  volume        = {9},
  number        = {3},
  pages         = {307--330},
  date-added    = {2014-11-29 14:57:56 +0000},
  date-modified = {2014-11-29 14:57:56 +0000},
  publisher     = {Oxford University Press},
}

@Article{Negri:1999,
  author    = {Negri, Matteo},
  title     = {{T}he anisotropy introduced by the mesh in the finite element approximation of the {M}umford-{S}hah functional},
  journal   = {{N}umerical {F}unctional {A}nalysis and {O}ptimization},
  year      = {1999},
  volume    = {20},
  number    = {9-10},
  pages     = {957--982},
  file      = {:home/TL0E122N/Bureau/Documents/Rupture/The anisotropy introduced by the mesh in the finite element approximation of the Mumford-Shah functional.pdf:PDF},
  publisher = {Taylor \& Francis},
}

@Article{Newmark:1959,
  author    = {Newmark, Nathan M},
  title     = {{A} method of computation for structural dynamics},
  journal   = {{J}ournal of the {E}ngineering {M}echanics {D}ivision},
  year      = {1959},
  volume    = {85},
  number    = {3},
  pages     = {67--94},
  publisher = {ASCE},
}

@Book{Nguyen:2000,
  title     = {{S}tability and {N}onlinear {S}olid {M}echanics},
  publisher = {John Wiley \& Sons, Ltd.},
  year      = {2000},
  author    = {Nguyen, Quoc Son},
  file      = {:/home/TL0E122N/Documents/MMC/Stability and Nonlinear Solid Mechanics.djvu:Djvu},
}

@Article{NguyenYvonnetZhuBornertChateau:2015,
  author  = {Nguyen, T.T. and Yvonnet, J. and Zhu, Q.-Z. and Bornert, M. and Chateau, C.},
  title   = {{A} phase field method to simulate crack nucleation and propagation in strongly heterogeneous materials from direct imaging of their microstructure},
  journal = {{E}ngineering {F}racture {M}echanics},
  year    = {2015},
  volume  = {139},
  pages   = {18--39},
  doi     = {10.1016/j.engfracmech.2015.03.045},
  file    = {:/home/TL0E122N/Documents/Phase field/A phase field method to simulate crack nucleation.pdf:PDF},
  issn    = {0013-7944},
  url     = {http://www.sciencedirect.com/science/article/pii/S0013794415001332},
}

@Article{NishiokaAtluri:1983,
  author    = {Nishioka, T. and Atluri, S. N.},
  title     = {{P}ath-independent integrals, energy release rates, and general solutions of near-tip fields in mixed-mode dynamic fracture mechanics},
  journal   = {{E}ngineering {F}racture {M}echanics},
  year      = {1983},
  volume    = {18},
  number    = {1},
  pages     = {1--22},
  file      = {:/home/TL0E122N/Documents/Rupture/Path-independent integrals, energy release rates, and general solutions of near-tip fields in mixed-mode dynamic fracture mechanics.pdf:PDF},
  publisher = {Elsevier},
}

@Article{OzboltBosnjakSola:2013,
  author    = {O{\v{z}}bolt, Jo{\v{s}}ko and Bo{\v{s}}njak, Josipa and Sola, Emiliano},
  title     = {{D}ynamic fracture of concrete compact tension specimen: {E}xperimental and numerical study},
  journal   = {{I}nternational {J}ournal of {S}olids and {S}tructures},
  year      = {2013},
  volume    = {50},
  number    = {25},
  pages     = {4270--4278},
  publisher = {Elsevier},
}

@Article{OzboltSharma:2012,
  author    = {O{\v{z}}bolt, Jo{\v{s}}ko and Sharma, Akanshu},
  title     = {{N}umerical simulation of dynamic fracture of concrete through uniaxial tension and {L}-specimen},
  journal   = {{E}ngineering {F}racture {M}echanics},
  year      = {2012},
  volume    = {85},
  pages     = {88--102},
  publisher = {Elsevier},
}

@Article{OzboltSharma:2011,
  author    = {O{\v{z}}bolt, Jo{\v{s}}ko and Sharma, Akanshu},
  title     = {{N}umerical simulation of reinforced concrete beams with different shear reinforcements under dynamic impact loads},
  journal   = {{I}nternational {J}ournal of {I}mpact {E}ngineering},
  year      = {2011},
  volume    = {38},
  number    = {12},
  pages     = {940--950},
  publisher = {Elsevier},
}

@Article{OzboltSharmaReinhardt:2011,
  author    = {O{\v{z}}bolt, Jo{\v{s}}ko and Sharma, Akanshu and Reinhardt, Hans-Wolf},
  title     = {{D}ynamic fracture of concrete--compact tension specimen},
  journal   = {{I}nternational journal of solids and structures},
  year      = {2011},
  volume    = {48},
  number    = {10},
  pages     = {1534--1543},
  publisher = {Elsevier},
}

@Article{Oleaga:2001,
  author    = {Oleaga, Gerardo E},
  title     = {{R}emarks on a basic law for dynamic crack propagation},
  journal   = {{J}ournal of the {M}echanics and {P}hysics of {S}olids},
  year      = {2001},
  volume    = {49},
  number    = {10},
  pages     = {2273--2306},
  file      = {:/home/TL0E122N/Documents/Rupture/Remarks on a basic law for dynamic crack propagation.pdf:PDF},
  publisher = {Elsevier},
}

@Article{OzboltBedeSharmaMayer:2015,
  author  = {O≈æbolt, Jo≈°ko and Bede, Natalija and Sharma, Akanshu and Mayer, Uwe},
  title   = {{D}ynamic fracture of concrete {L}-specimen: {E}xperimental and numerical study},
  journal = {{E}ngineering {F}racture {M}echanics},
  year    = {2015},
  volume  = {148},
  pages   = {27--41},
  doi     = {10.1016/j.engfracmech.2015.09.002},
  file    = {:home/TL0E122N/Bureau/Documents/Rupture/Dynamic fracture of concrete L specimen\: Experimental and numerical study.pdf:PDF},
  issn    = {0013-7944},
  url     = {http://www.sciencedirect.com/science/article/pii/S0013794415005007},
}

@Article{PeerlingsBorstBrekelmansGeers:1998,
  author    = {Peerlings, R. H. J. and de Borst, R. and Brekelmans, W. A. M. and Geers, M. G. D},
  title     = {{G}radient-enhanced damage modelling of concrete fracture},
  journal   = {{M}echanics of {C}ohesive-frictional {M}aterials},
  year      = {1998},
  volume    = {3},
  number    = {4},
  pages     = {323--342},
  publisher = {Wiley Online Library},
}

@Article{PeerlingsBorstBrekelmansVree:1996,
  author  = {Peerlings, R. H. J. and de Borst, Ren√© and Brekelmans, W. A. M. and de Vree, J. H. P.},
  title   = {{G}radient enhanced damage for quasi-brittle materials},
  journal = {{I}nternational {J}ournal for {N}umerical {M}ethods in {E}ngineering},
  year    = {1996},
  volume  = {39},
  number  = {19},
  pages   = {3391},
}

@Article{Peerlings:2001aa,
  author        = {Peerlings, R. H. J. and Geers, M. G. D. and de Borst, R. and Brekelmans, W. A. M.},
  title         = {{A} critical comparison of nonlocal and gradient-enhanced softening continua},
  journal       = {{I}nternational {J}ournal of {S}olids and {S}tructure},
  year          = {2001},
  volume        = {38},
  number        = {44},
  pages         = {7723--7746},
  date-added    = {2016-05-10 19:16:37 +0000},
  date-modified = {2016-05-10 19:17:18 +0000},
  publisher     = {Pergamon},
}

@PhdThesis{Pham:2010,
  author = {Pham, Kim},
  title  = {{C}onstruction et analyse de mod√®les d'endommagement √† gradient},
  school = {Universit√© Pierre et Marie Curie},
  year   = {2010},
  file   = {:/home/TL0E122N/Documents/Rupture/Construction et analyse de mod√®les d'endommagement √† gradient.pdf:PDF},
}

@Article{PhamAmorMarigoMaurini:2011,
  author  = {Pham, Kim and Amor, Hanen and Marigo, Jean-Jacques and Maurini, Corrado},
  title   = {{G}radient damage models and their use to approximate brittle fracture},
  journal = {{I}nternational {J}ournal of {D}amage {M}echanics},
  year    = {2011},
  volume  = {20},
  number  = {4},
  pages   = {618--652},
  file    = {:/home/TL0E122N/Documents/Rupture/Gradient damage models and their use to approximate brittle fracture.pdf:PDF},
}

@Article{PhamMarigo:2013,
  author  = {Pham, Kim and Marigo, Jean-Jacques},
  title   = {{F}rom the onset of damage to rupture: construction of responses with damage localization for a general class of gradient damage models},
  journal = {{C}ontinuum {M}echanics and {T}hermodynamics},
  year    = {2013},
  volume  = {25},
  number  = {2-4},
  pages   = {147--171},
  file    = {:/home/TL0E122N/Documents/Rupture/From the onset of damage to rupture construction of responses with damage localization for a general class of gradient damage models.pdf:PDF},
}

@Article{PhamMarigo:2013-1,
  author  = {Pham, Kim and Marigo, Jean-Jacques},
  title   = {{S}tability of homogeneous states with gradient damage models: size effects and shape effects in the three-dimensional setting},
  journal = {{J}ournal of {E}lasticity},
  year    = {2013},
  volume  = {110},
  number  = {1},
  pages   = {63--93},
  file    = {:/home/TL0E122N/Documents/Rupture/Stability of homogeneous states with gradient damage models size effects and shape effects in the three-dimensional setting.pdf:PDF},
}

@Article{PhamMarigo:2012,
  author  = {Pham, Kim and Marigo, Jean-Jacques},
  title   = {{D}amage localization and rupture with gradient damage models},
  journal = {{F}rattura ed {I}ntegrit√† {S}trutturale},
  year    = {2012},
  volume  = {19},
  pages   = {5--19},
  file    = {:/home/TL0E122N/Documents/Rupture/Damage localization and rupture with gradient damage models.pdf:PDF},
}

@Article{PhamMarigo:2010,
  author  = {Pham, Kim and Marigo, Jean-Jacques},
  title   = {{A}pproche variationnelle de l'endommagement : {I}. {L}es concepts fondamentaux},
  journal = {{C}omptes {R}endus {M}√©canique},
  year    = {2010},
  volume  = {338},
  number  = {4},
  pages   = {191--198},
  file    = {:/home/TL0E122N/Documents/Rupture/Approche variationnelle de l'endommagement I.pdf:PDF},
}

@Article{PhamMarigo:2010-1,
  author  = {Pham, Kim and Marigo, Jean-Jacques},
  title   = {{A}pproche variationnelle de l'endommagement : {II}. {L}es mod√®les √† gradient},
  journal = {{C}omptes {R}endus {M}√©canique},
  year    = {2010},
  volume  = {338},
  number  = {4},
  pages   = {199--206},
  file    = {:/home/TL0E122N/Documents/Rupture/Approche variationnelle de l'endommagement II.pdf:PDF},
}

@Article{PhamMarigo:2009,
  author  = {Pham, Kim and Marigo, Jean-Jacques},
  title   = {{C}onstruction and analysis of localized responses for gradient damage models in a 1{D} setting},
  journal = {{V}ietnam {J}ournal of {M}echanics},
  year    = {2009},
  volume  = {31},
  number  = {3-4},
  pages   = {233--246},
  file    = {:/home/TL0E122N/Documents/Rupture/Construction and analysis of localized responses for gradient damage models in a 1D setting.pdf:PDF},
}

@Article{PhamMarigoMaurini:2011,
  author  = {Pham, Kim and Marigo, Jean-Jacques and Maurini, Corrado},
  title   = {{T}he issues of the uniqueness and the stability of the homogeneous response in uniaxial tests with gradient damage models},
  journal = {{J}ournal of the {M}echanics and {P}hysics of {S}olids},
  year    = {2011},
  volume  = {59},
  number  = {6},
  pages   = {1163--1190},
  file    = {:/home/TL0E122N/Documents/Rupture/The issues of the uniqueness and the stability of the homogeneous response in uniaxial tests with gradient damage models.pdf:PDF},
}

@InProceedings{PhamMarigoMaurini:2009,
  author    = {Pham, Kim and Marigo, Jean-Jacques and Maurini, Corrado},
  title     = {{E}tude de la stabilit√© d'un mod√®le d'endommagement √† gradient : barre cylindrique composite sous traction},
  booktitle = {19√®me {C}ongr√®s {F}ran√ßais de {M}√©canique},
  year      = {2009},
  file      = {:/home/TL0E122N/Documents/Rupture/Etude de la stabilit√© d'un mod√®le d'endommagement √† gradient.pdf:PDF},
}

@Article{Pham:2016aa,
  author        = {Pham, K. H. and Ravi-Chandar, K.},
  title         = {{O}n the growth of cracks under mixed-mode {I}¬†+¬†{III} loading},
  journal       = {{I}nternational {J}ournal of {F}racture},
  year          = {2016},
  volume        = {199},
  number        = {1},
  pages         = {105--134},
  abstract      = {We examine the growth of cracks under mixed-mode I¬†+¬†III loading conditions. Specially designed specimen configurations are used to identify that crack front fragmentation occurs through nucleation of nearly regularly spaced daughter cracks, and that coarsening of this spacing during growth increases through an elastic shielding mechanism. It is shown further that linkage of the daughter cracks does not occur concurrently with the formation of the primary system of daughter cracks, but at a later stage of the growth of the daughter cracks. A mechanism of the combined growth of the parent and daughter cracks under mixed-mode I¬†+¬†III loading is suggested for capturing the pattern formation of the echelon crack patterns observed in laboratory experiments and field observations.},
  date-added    = {2016-05-06 19:30:49 +0000},
  date-modified = {2016-05-06 19:31:07 +0000},
  doi           = {10.1007/s10704-016-0098-6},
  issn          = {1573-2673},
  url           = {http://dx.doi.org/10.1007/s10704-016-0098-6},
}

@Article{PieroLancioniMarch:2007,
  author     = {Piero, Gianpietro Del and Lancioni, Giovanni and March, Riccardo},
  title      = {{A} variational model for fracture mechanics: {N}umerical experiments},
  journal    = {{J}ournal of the {M}echanics and {P}hysics of {S}olids},
  year       = {2007},
  volume     = {55},
  number     = {12},
  pages      = {2513--2537},
  bdsk-url-1 = {http://www.sciencedirect.com/science/article/pii/S0022509607000981},
  bdsk-url-2 = {http://dx.doi.org/10.1016/j.jmps.2007.04.011},
  doi        = {10.1016/j.jmps.2007.04.011},
  file       = {:/home/TL0E122N/Documents/Rupture/A variational model for fracture mechanics Numerical experiments.pdf:PDF},
  issn       = {0022-5096},
  url        = {http://www.sciencedirect.com/science/article/pii/S0022509607000981},
}

@Article{Pijaudier-CabotBazant:1987,
  author    = {Pijaudier-Cabot, Gilles and Bazant, Zdenek P.},
  title     = {{N}onlocal damage theory},
  journal   = {{J}ournal of {E}ngineering {M}echanics},
  year      = {1987},
  volume    = {113},
  number    = {10},
  pages     = {1512--1533},
  publisher = {American Society of Civil Engineers},
}

@Article{Rabczuk:2013,
  author  = {Rabczuk, Timon},
  title   = {{C}omputational {M}ethods for {F}racture in {B}rittle and {Q}uasi-{B}rittle {S}olids: {S}tate-of-the-{A}rt {R}eview and {F}uture {P}erspectives},
  journal = {{ISRN} {A}pplied {M}athematics},
  year    = {2013},
  volume  = {2013},
  file    = {:/home/TL0E122N/Documents/Rupture/Computational Methods for Fracture in Brittle and Quasi Brittle Solids State-of-the-Art Review and Future Perspectives.pdf:PDF},
}

@Article{RamuluKobayashi:1985,
  author    = {Ramulu, M. and Kobayashi, A. S.},
  title     = {{M}echanics of crack curving and branching --- a dynamic fracture analysis},
  journal   = {{I}nternational {J}ournal of {F}racture},
  year      = {1985},
  volume    = {27},
  number    = {3},
  pages     = {187--201},
  file      = {:home/TL0E122N/Documents/Rupture/Mechanics of crack curving and branching.pdf:PDF},
  publisher = {Springer},
}

@Article{RangarajanChiaramonteHunsweckShenLew:2015,
  author    = {Rangarajan, Ramsharan and Chiaramonte, Maurizio M. and Hunsweck, Michael J. and Shen, Yongxing and Lew, Adrian J.},
  title     = {{S}imulating curvilinear crack propagation in two dimensions with universal meshes},
  journal   = {{I}nternational {J}ournal for {N}umerical {M}ethods in {E}ngineering},
  year      = {2015},
  volume    = {102},
  number    = {3-4},
  pages     = {632--670},
  publisher = {Wiley Online Library},
}

@Article{Ravi-Chandar:1998,
  author  = {Ravi-Chandar, K.},
  title   = {{D}ynamic fracture of nominally brittle materials},
  journal = {{I}nternational {J}ournal of {F}racture},
  year    = {1998},
  volume  = {90},
  number  = {1-2},
  pages   = {83--102},
}

@Article{Ravi-ChandarKnauss:1984,
  author  = {Ravi-Chandar, K. and Knauss, W. G.},
  title   = {{A}n experimental investigation into dynamic fracture: {II}. {M}icrostructural aspects},
  journal = {{I}nternational {J}ournal of {F}racture},
  year    = {1984},
  volume  = {26},
  number  = {1},
  pages   = {65--80},
  file    = {:home/TL0E122N/Bureau/Documents/Rupture/An experimental investigation into dynamic fracture 2.pdf:PDF},
}

@Article{Ravi-ChandarKnauss:1984a,
  author  = {Ravi-Chandar, K. and Knauss, W. G.},
  title   = {{A}n experimental investigation into dynamic fracture: {III}. {O}n steady-state crack propagation and crack branching},
  journal = {{I}nternational {J}ournal of {F}racture},
  year    = {1984},
  volume  = {26},
  number  = {2},
  pages   = {141--154},
  file    = {:home/TL0E122N/Bureau/Documents/Rupture/An experimental investigation into dynamic fracture 3.pdf:PDF},
}

@Article{Ravi-ChandarKnauss:1984b,
  author  = {Ravi-Chandar, K. and Knauss, W. G.},
  title   = {{A}n experimental investigation into dynamic fracture: {IV}. {O}n the interaction of stress waves with propagating cracks},
  journal = {{I}nternational {J}ournal of {F}racture},
  year    = {1984},
  volume  = {26},
  number  = {3},
  pages   = {189--200},
  file    = {:home/TL0E122N/Bureau/Documents/Rupture/An experimental investigation into dynamic fracture 4.pdf:PDF},
}

@Article{Ravi-ChandarKnauss:1984c,
  author  = {Ravi-Chandar, K. and Knauss, W. G.},
  title   = {{A}n experimental investigation into dynamic fracture: {I}. {C}rack initiation and arrest},
  journal = {{I}nternational {J}ournal of {F}racture},
  year    = {1984},
  volume  = {25},
  number  = {4},
  pages   = {247--262},
  file    = {:home/TL0E122N/Bureau/Documents/Rupture/An experimental investigation into dynamic fracture 1.pdf:PDF},
}

@Article{RethoreGravouilCombescure:2005,
  author    = {R√©thor√©, J. and Gravouil, A. and Combescure, A.},
  title     = {{A}n energy-conserving scheme for dynamic crack growth using the e{X}tended finite element method},
  journal   = {{I}nternational {J}ournal for {N}umerical {M}ethods in {E}ngineering},
  year      = {2005},
  volume    = {63},
  number    = {5},
  pages     = {631--659},
  doi       = {10.1002/nme.1283},
  file      = {:/home/TL0E122N/Documents/XFEM/An energy-conserving scheme for dynamic crack growth using the eXtended finite element method.pdf:PDF},
  issn      = {1097-0207},
  publisher = {John Wiley \& Sons, Ltd.},
  url       = {http://dx.doi.org/10.1002/nme.1283},
}

@Article{Rice:1968aa,
  author        = {Rice, James R.},
  title         = {{A} path independent integral and the approximate analysis of strain concentration by notches and cracks},
  journal       = {{J}ournal of {A}pplied {M}echanics},
  year          = {1968},
  volume        = {35},
  number        = {2},
  pages         = {379--386},
  date-added    = {2016-05-06 12:45:54 +0000},
  date-modified = {2016-05-06 12:46:09 +0000},
  publisher     = {American Society of Mechanical Engineers},
}

@Article{RoccoGuineaPlanasElices:1999,
  author    = {Rocco, Claudio and Guinea, Gustavo V and Planas, Jaime and Elices, Maunel},
  title     = {{S}ize effect and boundary conditions in the {B}razilian test: {E}xperimental verification},
  journal   = {{M}aterials and {S}tructures},
  year      = {1999},
  volume    = {32},
  number    = {3},
  pages     = {210--217},
  publisher = {Springer},
}

@Article{RoyerClorennec:2007,
  author        = {Royer, Daniel and Clorennec, Dominique},
  title         = {{A}n improved approximation for the {R}ayleigh wave equation},
  journal       = {{U}ltrasonics},
  year          = {2007},
  volume        = {46},
  number        = {1},
  pages         = {23--24},
  date-modified = {2016-05-22 15:29:32 +0000},
  doi           = {10.1016/j.ultras.2006.09.006},
  issn          = {0041-624X},
  url           = {http://www.sciencedirect.com/science/article/pii/S0041624X06003763},
}

@Article{RuizOrtizPandolfi:2000,
  author  = {Ruiz, Gonzalo and Ortiz, Michael and Pandolfi, Anna},
  title   = {{T}hree-dimensional finite-element simulation of the dynamic {B}razilian tests on concrete cylinders},
  journal = {{I}nternational {J}ournal for {N}umerical {M}ethods in {E}ngineering},
  year    = {2000},
  volume  = {48},
  pages   = {963--994},
}

@Article{RuizPandolfiOrtiz:2001,
  author    = {Ruiz, Gonzalo and Pandolfi, Anna and Ortiz, Michael},
  title     = {{T}hree-dimensional cohesive modeling of dynamic mixed-mode fracture},
  journal   = {{I}nternational {J}ournal for {N}umerical {M}ethods in {E}ngineering},
  year      = {2001},
  volume    = {52},
  number    = {1-2},
  pages     = {97--120},
  doi       = {10.1002/nme.273},
  issn      = {1097-0207},
  publisher = {John Wiley \& Sons, Ltd.},
  url       = {http://dx.doi.org/10.1002/nme.273},
}

@Article{SaadVorst:2000,
  author  = {Saad, Yousef and van der Vorst, Henk A.},
  title   = {{I}terative solution of linear systems in the 20th century},
  journal = {{J}ournal of {C}omputational and {A}pplied {M}athematics},
  year    = {2000},
  volume  = {123},
  number  = {1-2},
  pages   = {1--33},
  note    = {Numerical Analysis 2000. Vol. III: Linear Algebra},
  doi     = {10.1016/S0377-0427(00)00412-X},
  issn    = {0377-0427},
  url     = {http://www.sciencedirect.com/science/article/pii/S037704270000412X},
}

@Article{Sacco:1990,
  author  = {Sacco, Elio},
  title   = {{M}odellazione e calcolo di strutture in materiale non resistente a trazione},
  journal = {{R}endiconti di {M}atematica dell {A}ccademia dei {L}incei},
  year    = {1990},
  volume  = {1},
  number  = {3},
  pages   = {235--258},
}

@InProceedings{Schardin:2012,
  author    = {Schardin, H.},
  title     = {{V}elocity effects in fracture},
  booktitle = {{F}racture},
  year      = {1959},
  editor    = {Averbach, B. L. and Felbeck, D. K. and Hahn, G. T. and Thomas, D. A.},
  pages     = {297--330},
  publisher = {Wiley, New York},
  file      = {:/home/TL0E122N/Documents/Rupture/Velocity effects in fracture.pdf:PDF},
}

@Article{Scherzinger:2008aa,
  author  = {Scherzinger, W. M. and Dohrmann, C. R.},
  title   = {{A} robust algorithm for finding the eigenvalues and eigenvectors of {$3\times 3$} symmetric matrices},
  journal = {{C}omputer {M}ethods in {A}pplied {M}echanics and {E}ngineering},
  year    = {2008},
  volume  = {197},
  number  = {45‚Äì48},
  pages   = {4007--4015},
  doi     = {10.1016/j.cma.2008.03.031},
  file    = {:/home/TL0E122N/Documents/Num√©rique/A robust algorithm for finding the eigenvalues and eigenvectors of 3 3 symmetric matrices.pdf:PDF},
  issn    = {0045-7825},
  url     = {http://www.sciencedirect.com/science/article/pii/S0045782508001436},
}

@Article{SchillingerBordenStolarski:2015,
  author    = {Schillinger, Dominik and Borden, Michael J. and Stolarski, Henryk K.},
  title     = {{I}sogeometric collocation for phase-field fracture models},
  journal   = {{C}omputer {M}ethods in {A}pplied {M}echanics and {E}ngineering},
  year      = {2015},
  volume    = {284},
  pages     = {583--610},
  file      = {:/home/TL0E122N/Documents/Rupture/Isogeometric collocation for phase-field fracture models.pdf:PDF},
  publisher = {Elsevier},
}

@Article{SchlueterKuhnMuellerGross:2016,
  author  = {Schl√ºter, Alexander and Kuhn, Charlotte and M√ºller, Ralf and Gross, Dietmar},
  title   = {{A}n investigation of intersonic fracture using a phase field model},
  journal = {{A}rchive of {A}pplied {M}echanics},
  year    = {2016},
  volume  = {86},
  number  = {1},
  pages   = {321--333},
  doi     = {10.1007/s00419-015-1114-4},
  issn    = {1432-0681},
}

@Article{SchlueterWillenbuecherKuhnMueller:2014,
  author    = {Schl√ºter, Alexander and Willenb√ºcher, Adrian and Kuhn, Charlotte and M√ºller, Ralf},
  title     = {{P}hase field approximation of dynamic brittle fracture},
  journal   = {{C}omputational {M}echanics},
  year      = {2014},
  volume    = {54},
  number    = {5},
  pages     = {1141--1161},
  doi       = {10.1007/s00466-014-1045-x},
  file      = {:/home/TL0E122N/Documents/Rupture/Phase field approximation of dynamic brittle fracture.pdf:PDF},
  issn      = {0178-7675},
  language  = {English},
  publisher = {Springer Berlin Heidelberg},
  url       = {http://dx.doi.org/10.1007/s00466-014-1045-x},
}

@Article{ShahaniAmini:2009,
  author    = {Shahani, A.R. and Amini Fasakhodi, M.R.},
  title     = {{F}inite element analysis of dynamic crack propagation using remeshing technique},
  journal   = {{M}aterials \& {D}esign},
  year      = {2009},
  volume    = {30},
  number    = {4},
  pages     = {1032--1041},
  publisher = {Elsevier},
}

@Article{SharonFineberg:1999,
  author    = {Sharon, Eran and Fineberg, Jay},
  title     = {{C}onfirming the continuum theory of dynamic brittle fracture for fast cracks},
  journal   = {{N}ature},
  year      = {1999},
  volume    = {397},
  number    = {6717},
  pages     = {333--335},
  file      = {:home/TL0E122N/Bureau/Documents/Rupture/Confirming the continuum theory of dynamic brittle fracture for fast cracks.pdf:PDF},
  publisher = {Nature Publishing Group},
}

@Article{SharonFineberg:1999a,
  author  = {Sharon, Eran and Fineberg, Jay},
  title   = {{T}he dynamics of fast fracture},
  journal = {{A}dvanced {E}ngineering {M}aterials},
  year    = {1999},
  volume  = {1},
  number  = {2},
  pages   = {119--122},
  file    = {:home/TL0E122N/Bureau/Documents/Rupture/The dynamics of fast fracture.pdf:PDF},
}

@Article{SharonFineberg:1996,
  author    = {Sharon, Eran and Fineberg, Jay},
  title     = {{M}icrobranching instability and the dynamic fracture of brittle materials},
  journal   = {{P}hysical {R}eview {B}},
  year      = {1996},
  volume    = {54},
  number    = {10},
  pages     = {7128--7139},
  doi       = {10.1103/PhysRevB.54.7128},
  file      = {:home/TL0E122N/Bureau/Documents/Rupture/Microbranching instability and the dynamic fracture of brittle materials.pdf:PDF},
  publisher = {American Physical Society},
  url       = {http://link.aps.org/doi/10.1103/PhysRevB.54.7128},
}

@Article{SharonGrossFineberg:1996,
  author    = {Sharon, Eran and Gross, Steven P and Fineberg, Jay},
  title     = {{E}nergy dissipation in dynamic fracture},
  journal   = {{P}hysical {R}eview {L}etters},
  year      = {1996},
  volume    = {76},
  number    = {12},
  pages     = {2117},
  file      = {:home/TL0E122N/Bureau/Documents/Rupture/Energy Dissipation in Dynamic Fracture.pdf:PDF},
  publisher = {APS},
}

@Article{SharonGrossFineberg:1995,
  author    = {Sharon, Eran and Gross, Steven P. and Fineberg, Jay},
  title     = {{L}ocal {C}rack {B}ranching as a {M}echanism for {I}nstability in {D}ynamic {F}racture},
  journal   = {{P}hysical {R}eview {L}etters},
  year      = {1995},
  volume    = {74},
  number    = {25},
  pages     = {5096},
  doi       = {10.1103/PhysRevLett.74.5096},
  file      = {:home/TL0E122N/Bureau/Documents/Rupture/Local Crack Branching as a Mechanism for Instability in Dynamic Fracture.pdf:PDF},
  publisher = {American Physical Society},
  url       = {http://link.aps.org/doi/10.1103/PhysRevLett.74.5096},
}

@PhdThesis{Sicsic:2013,
  author = {Sicsic, Paul},
  title  = {{M}od√©lisation et simulation de l'initiation et de la propagation de l'endommagement dans les mat√©riaux quasi-fragiles : {A}pports de l'approche variationnelle},
  school = {Ecole Polytechnique},
  year   = {2013},
  file   = {:/home/TL0E122N/Documents/Rupture/Mod√©lisation et simulation de l'initiation et de la propagation de l'endommagement dans les mat√©riaux quasi-fragiles Apports de l'approche variationnelle.pdf:PDF},
}

@Article{SicsicMarigo:2013,
  author  = {Sicsic, Paul and Marigo, Jean-Jacques},
  title   = {{F}rom {G}radient {D}amage {L}aws to {G}riffith's {T}heory of {C}rack {P}ropagation},
  journal = {{J}ournal of {E}lasticity},
  year    = {2013},
  volume  = {113},
  number  = {1},
  pages   = {55--74},
  file    = {:/home/TL0E122N/Documents/Rupture/From Gradient Damage Laws to Griffith's Theory of Crack Propagation.pdf:PDF},
}

@Article{SicsicMarigoMaurini:2013,
  author  = {Sicsic, Paul and Marigo, Jean-Jacques and Maurini, Corrado},
  title   = {{I}nitiation of a periodic array of cracks in the thermal shock problem: {A} gradient damage modeling},
  journal = {{J}ournal of the {M}echanics and {P}hysics of {S}olids},
  year    = {2014},
  volume  = {63},
  pages   = {256--284},
  file    = {:/home/TL0E122N/Documents/Rupture/Initiation of a periodic array of cracks in the thermal shock problem a gradient damage modeling.pdf:PDF},
}

@Article{Silling:2010aa,
  author        = {Silling, S. A. and Lehoucq, R. B.},
  title         = {{P}eridynamic {T}heory of {S}olid {M}echanics},
  journal       = {{A}dvances in {A}pplied {M}echanics},
  year          = {2010},
  volume        = {44},
  pages         = {73--168},
  date-added    = {2016-05-04 20:38:02 +0000},
  date-modified = {2016-05-04 20:41:26 +0000},
  file          = {:home/TL0E122N/Bureau/Documents/Rupture/Peridynamic Theory of Solid Mechanics.pdf:PDF},
  publisher     = {Elsevier},
}

@Article{SimhaFischerKolednikChen:2003,
  author    = {Simha, NK and Fischer, FD and Kolednik, O and Chen, CR},
  title     = {{I}nhomogeneity effects on the crack driving force in elastic and elastic--plastic materials},
  journal   = {{J}ournal of the {M}echanics and {P}hysics of {S}olids},
  year      = {2003},
  volume    = {51},
  number    = {1},
  pages     = {209--240},
  file      = {:/home/TL0E122N/Documents/Rupture/Inhomogeneity effects on the crack driving force in elastic and elastic-plastic materials.pdf:PDF},
  publisher = {Elsevier},
}

@Article{SimoPister:1984,
  author    = {Simo, Juan C. and Pister, Karl S.},
  title     = {{R}emarks on rate constitutive equations for finite deformation problems: computational implications},
  journal   = {{C}omputer {M}ethods in {A}pplied {M}echanics and {E}ngineering},
  year      = {1984},
  volume    = {46},
  number    = {2},
  pages     = {201--215},
  publisher = {Elsevier},
}

@Article{SimoneAskesPeerlingsSluys:2003,
  author      = {Simone, A. and Askes, H. and Peerlings, R. H. J. and Sluys, L. J.},
  title       = {{I}nterpolation requirements for implicit gradient-enhanced continuum damage models},
  journal     = {{C}ommunications in {N}umerical {M}ethods in {E}ngineering},
  year        = {2003},
  volume      = {19},
  number      = {7},
  pages       = {563--572},
  editor      = {Wiley},
  institution = {Faculty of Civil Engineering and Geosiences, Delft University of Technology, P.O. Box 5048, NLD; Department of Mechanical Engineering, Eindhoven University of Technology, P.O. Box 513, NLD},
  issn        = {1069-8299},
}

@Article{SongWangBelytschko:2008,
  author     = {Song, Jeong-Hoon and Wang, Hongwu and Belytschko, Ted},
  title      = {{A} comparative study on finite element methods for dynamic fracture},
  journal    = {{C}omputational {M}echanics},
  year       = {2008},
  volume     = {42},
  number     = {2},
  pages      = {239--250},
  bdsk-url-1 = {http://dx.doi.org/10.1007/s00466-007-0210-x},
  doi        = {10.1007/s00466-007-0210-x},
  file       = {:/home/TL0E122N/Documents/Rupture/A comparative study on finite element methods for dynamic fracture.pdf:PDF},
  issn       = {0178-7675},
  publisher  = {Springer-Verlag},
  url        = {http://dx.doi.org/10.1007/s00466-007-0210-x},
}

@Article{SpatscheckBrenerKarm:2011,
  author  = {Spatscheck, R. and Brener, E. and Karma, A.},
  title   = {{P}hase-{F}ield {M}odeling of {C}rack {P}ropagation},
  journal = {{P}hilosophical {M}agazine},
  year    = {2011},
  volume  = {91},
  number  = {1},
  pages   = {75--95},
}

@Article{Sternberg:1960aa,
  author        = {Sternberg, Eli},
  title         = {{O}n the integration of the equations of motion in the classical theory of elasticity},
  journal       = {{A}rchive for {R}ational {M}echanics and {A}nalysis},
  year          = {1960},
  volume        = {6},
  number        = {1},
  pages         = {34--50},
  date-added    = {2016-05-05 14:29:27 +0000},
  date-modified = {2016-05-05 14:30:09 +0000},
  publisher     = {Springer},
}

@Article{Stolarska:2001aa,
  author        = {Stolarska, M. and Chopp, D. L. and Mo√´s, N. and Belytschko, T.},
  title         = {{M}odelling crack growth by level sets in the extended finite element method},
  journal       = {{I}nternational {J}ournal for {N}umerical {M}ethods in {E}ngineering},
  year          = {2001},
  volume        = {51},
  number        = {8},
  pages         = {943--960},
  date-added    = {2016-05-06 20:58:49 +0000},
  date-modified = {2016-05-06 20:59:02 +0000},
  doi           = {10.1002/nme.201},
  issn          = {1097-0207},
  publisher     = {John Wiley \& Sons, Ltd.},
  url           = {http://dx.doi.org/10.1002/nme.201},
}

@Article{StumpfLe:1990,
  author    = {Stumpf, H. and Le, K. Ch.},
  title     = {{V}ariational principles of nonlinear fracture mechanics},
  journal   = {{A}cta {M}echanica},
  year      = {1990},
  volume    = {83},
  number    = {1-2},
  pages     = {25--37},
  publisher = {Springer},
}

@Article{SuoCombescure:1992,
  author    = {Suo, Xiaozheng and Combescure, Alain},
  title     = {{S}econd variation of energy and an associated line independent integral in fracture mechanics. {I}: {T}heories},
  journal   = {{E}uropean {J}ournal of {M}echanics - {A}/{S}olids},
  year      = {1992},
  volume    = {11},
  number    = {5},
  pages     = {609--624},
  publisher = {Elsevier},
}

@PhdThesis{Suo:1990,
  author = {Suo, Xiao-Zheng},
  title  = {{A}nalyse math√©matique et num√©rique de la propagation des fissures par le mod√®le de multi-couronnes},
  school = {Ecole nationale des ponts et chauss√©es},
  year   = {1990},
  file   = {:home/TL0E122N/Bureau/Documents/Rupture/Analyse math√©matique et num√©rique de la propagation des fissures par le mod√®le de multi-couronnes.pdf:PDF},
}

@Article{TangVuik:2007,
  author    = {Tang, J. M. and Vuik, C.},
  title     = {{O}n deflation and singular symmetric positive semi-definite matrices},
  journal   = {{J}ournal of computational and applied mathematics},
  year      = {2007},
  volume    = {206},
  number    = {2},
  pages     = {603--614},
  file      = {:home/TL0E122N/Bureau/Documents/Num√©rique/On deflation and singular symmetric positive semi-definite matrices.pdf:PDF},
  publisher = {Elsevier},
}

@Article{UlmerHofackerMiehe:2013,
  author    = {Ulmer, Heike and Hofacker, Martina and Miehe, Christian},
  title     = {{P}hase field modeling of brittle and ductile fracture},
  journal   = {{PAMM}},
  year      = {2013},
  volume    = {13},
  number    = {1},
  pages     = {533--536},
  file      = {:/home/TL0E122N/Documents/Phase field/Phase Field Modeling of Brittle and Ductile Fracture.pdf:PDF},
  publisher = {Wiley Online Library},
}

@Article{ValorosoDebruyneLaverne:2014,
  author    = {Valoroso, Nunziante and Debruyne, Gilles and Laverne, J√©r√¥me},
  title     = {{A} cohesive zone model with rate-sensitivity for fast crack propagation},
  journal   = {{M}echanics {R}esearch {C}ommunications},
  year      = {2014},
  volume    = {58},
  pages     = {82--87},
  publisher = {Elsevier},
}

@Article{Verhoosel:2013aa,
  author        = {Verhoosel, Clemens V. and de Borst, Ren√©},
  title         = {{A} phase-field model for cohesive fracture},
  journal       = {{I}nternational {J}ournal for {N}umerical {M}ethods in {E}ngineering},
  year          = {2013},
  volume        = {96},
  number        = {1},
  pages         = {43--62},
  bdsk-url-1    = {http://dx.doi.org/10.1002/nme.4553},
  date-added    = {2014-07-23 09:07:33 +0000},
  date-modified = {2014-07-23 09:11:25 +0000},
  doi           = {10.1002/nme.4553},
  issn          = {1097-0207},
  url           = {http://dx.doi.org/10.1002/nme.4553},
}

@Article{Versieux:2015,
  author        = {Versieux, Henrique},
  title         = {{A} relation between a dynamic fracture model and quasi-static evolution},
  journal       = {{ESAIM}: {M2AN}},
  year          = {2016},
  volume        = {50},
  number        = {1},
  pages         = {77--91},
  date-modified = {2015-07-31 19:34:24 +0000},
  file          = {:/home/TL0E122N/Documents/Rupture/A relation between a dynamic fracture model and quasi-static evolution.pdf:PDF},
}

@Article{VignolletMayBorstVerhoosel:2014,
  author    = {Vignollet, Julien and May, Stefan and de Borst, Ren√© and Verhoosel, Clemens V.},
  title     = {{P}hase-field models for brittle and cohesive fracture},
  journal   = {{M}eccanica},
  year      = {2014},
  volume    = {49},
  number    = {11},
  pages     = {2587--2601},
  doi       = {10.1007/s11012-013-9862-0},
  file      = {:/home/TL0E122N/Documents/Rupture/Phase-field models for brittle and cohesive fracture.pdf:PDF},
  issn      = {0025-6455},
  language  = {English},
  publisher = {Springer Netherlands},
  url       = {http://dx.doi.org/10.1007/s11012-013-9862-0},
}

@Article{VreeBrekelmansGils:1995,
  author    = {de Vree, J. H. P. and Brekelmans, W. A. M. and van Gils, M. A. J.},
  title     = {{C}omparison of nonlocal approaches in continuum damage mechanics},
  journal   = {{C}omputers \& {S}tructures},
  year      = {1995},
  volume    = {55},
  number    = {4},
  pages     = {581--588},
  publisher = {Elsevier},
}

@Article{XiaoBruhnsMeyers:1997,
  author    = {Xiao, H. and Bruhns, O. T. and Meyers, A.},
  title     = {{L}ogarithmic strain, logarithmic spin and logarithmic rate},
  journal   = {{A}cta {M}echanica},
  year      = {1997},
  volume    = {124},
  number    = {1-4},
  pages     = {89--105},
  publisher = {Springer},
}

@Article{XiaoChen:2002,
  author     = {Xiao, H. and Chen, L.S.},
  title      = {{H}encky's elasticity model and linear stress-strain relations in isotropic finite hyperelasticity},
  journal    = {{A}cta {M}echanica},
  year       = {2002},
  volume     = {157},
  number     = {1-4},
  pages      = {51--60},
  bdsk-url-1 = {http://dx.doi.org/10.1007/BF01182154},
  doi        = {10.1007/BF01182154},
  file       = {:home/TL0E122N/Documents/MMC/Hencky's elasticity model and linear stress-strain relations in isotropic finite hyperelasticity.pdf:PDF},
  issn       = {0001-5970},
  publisher  = {Springer-Verlag},
  url        = {http://dx.doi.org/10.1007/BF01182154},
}

@Article{XuNeedleman:1994,
  author    = {Xu, X.-P. and Needleman, Alan},
  title     = {{N}umerical simulations of fast crack growth in brittle solids},
  journal   = {{J}ournal of the {M}echanics and {P}hysics of {S}olids},
  year      = {1994},
  volume    = {42},
  number    = {9},
  pages     = {1397--1434},
  publisher = {Elsevier},
}

@Article{YangRavi-Chandar:2001,
  author    = {Yang, B and Ravi-Chandar, K},
  title     = {{C}rack path instabilities in a quenched glass plate},
  journal   = {{J}ournal of the {M}echanics and {P}hysics of {S}olids},
  year      = {2001},
  volume    = {49},
  number    = {1},
  pages     = {91--130},
  publisher = {Elsevier},
}

@Article{Yoffe:1951,
  author    = {Yoffe, Elizabeth H.},
  title     = {{LXXV}. {T}he moving {G}riffith crack},
  journal   = {{T}he {L}ondon, {E}dinburgh, and {D}ublin {P}hilosophical {M}agazine and {J}ournal of {S}cience},
  year      = {1951},
  volume    = {42},
  number    = {330},
  pages     = {739--750},
  publisher = {Taylor \& Francis},
}

@Article{ZehnderZella:2015,
  author    = {Zehnder, Alan T and Zella, Natasha K},
  title     = {{S}piral to flat fracture transition for notched rods under torsional loading},
  journal   = {{I}nternational {J}ournal of {F}racture},
  year      = {2015},
  volume    = {195},
  number    = {1},
  pages     = {87--92},
  file      = {:home/TL0E122N/Bureau/Documents/Rupture/Spiral to flat fracture transition for notched rods under torsional loading.pdf:PDF},
  publisher = {Springer},
}

@TechReport{ZouariKazymyrenkoMichel-Ponnelle:2012,
  author        = {Zouari, Wadji and Kazymyrenko, Kyrylo and Michel-Ponnelle, Sylvie},
  title         = {{P}rise en compte de la diff√©rence traction/compression pour les lois d'endommagement. {T}ests sur les structures en b√©ton.},
  institution   = {EDF R\&D},
  year          = {2012},
  number        = {H-B30-2012-01081-FR},
  date-modified = {2014-07-25 22:37:52 +0000},
}

@Book{LoggMardalWells:2012,
  title     = {{A}utomated {S}olution of {D}ifferential {E}quations by the {F}inite {E}lement {M}ethod: {T}he {FE}ni{CS} {B}ook},
  publisher = {Springer-Verlag Berlin Heidelberg},
  year      = {2012},
  editor    = {Logg, Anders and Mardal, Kent-Andre and Wells, Garth},
  volume    = {84},
  address   = {Berlin},
  doi       = {10.1007/978-3-642-23099-8},
}

@Article{Ortiz:1985,
  author  = {Ortiz, M.},
  title   = {A constitutive theory for the inelastic behavior of concrete},
  journal = {Mechanics of Materials},
  year    = {1985},
  volume  = {4},
  number  = {1},
  pages   = {67--93},
  file    = {:home/TL0E122N/Bureau/Documents/Rupture/A constitutive theory for the inelastic behavior of concrete.pdf:PDF},
}

@Article{Moreau:1962,
  author  = {Moreau, Jean-Jacques},
  title   = {D√©composition orthogonale d‚Äôun espace hilbertien selon deux c√¥nes mutuellement polaires},
  journal = {Comptes Rendus de l'Acad√©mie des Sciences},
  year    = {1962},
  volume  = {255},
  pages   = {238--240},
}

@PhdThesis{Li:2016,
  author = {Li, Tianyi},
  title  = {{G}radient-{D}amage {M}odeling of {D}ynamic {B}rittle {F}racture: {V}ariational {P}rinciples and {N}umerical {S}imulations},
  school = {Universit√© Paris-Saclay},
  year   = {2016},
  month  = oct,
}

@Book{Kanninen:1985,
  title     = {{A}dvanced {F}racture {M}echanics},
  publisher = {Oxford University Press},
  year      = {1985},
  author    = {Kanninen, Melvin F. and Popelar, Carl H.},
  address   = {Oxford},
}

@Article{Comi:2007,
  author  = {Comi, Claudia and Mariani, Stefano and Perego, Umberto},
  title   = {An extended {FE} strategy for transition from continuum damage to mode {I} cohesive crack propagation},
  journal = {International {J}ournal for {N}umerical and {A}nalytical {M}ethods in {G}eomechanics},
  year    = {2007},
  volume  = {31},
  number  = {2},
  pages   = {213--238},
  doi     = {10.1002/nag.537},
}

@Comment{jabref-meta: databaseType:bibtex;}

@Comment{jabref-meta: saveActions:enabled;
 pages[normalize_page_numbers]
 month[normalize_month]
;}
